% Encoding: UTF-8

	@misc{schwerbehindertenstatistik2017,
	  author={{Statistisches Bundesamt}},
		title={Statistik der schwerbehinderten Menschen},
url={https://www.destatis.de/DE/Themen/Gesellschaft-Umwelt/Gesundheit/Behinderte-Menschen/Publikationen/Downloads-Behinderte-Menschen/sozial-schwerbehinderte-kb-5227101179004.pdf?__blob=publicationFile&v=5},
	year={2018}
	}

	@misc{bobalji2007comparative,
	  author={Bobaljik, Jonathan},
		title={On Comparative Suppletion},
		year={2007},
		howpublished={Accessed 16th July 2019},
		url={https://ling.auf.net/lingbuzz/000443}
	}

@book{bobalji2012universals,
  title={Universals in Comparative Morphology. {S}uppletion, Superlatives, and the Structure of Words},
  author={Bobaljik, Jonathan},
  year={2012},
	address={Cambridge},
  publisher={Mit Press}
}


@book{brentari1998prosodic,
  title={A prosodic model of sign language phonology},
  author={Brentari, Diane},
  year={1998},
	address={Cambridge},
  publisher={Mit Press}
}


@book{sandler1989phonology,
  title={Phonological representation of the sign. {L}inearity and nonlinearity in {A}merican {S}ign {L}anguage},
  author={Sandler, Wendy},
  year={1989},
  publisher={Foris},
	address={Dordrecht}
}

@book{jakobsonwaugh1979soundshape,
  title={The sound shape of language},
  author={Jakobson, Roman and Waugh, Linda R},
  year={1979},
  publisher={Harvester Press},
	address={Brighton, Sussex}
}

@book{jespersen1922language,
  title={Language. {I}ts nature, development and origin},
  author={Jespersen, Otto},
  year={1922},
  publisher={George Allen \& Unwin},
	address={London}
}


@book{taub2004iconicity,
  title={Language from the Body. {I}conicity and Metaphor in {A}merican {S}ign {L}anguage},
  author={Taub, Sarah F},
  year={2004},
  publisher={Cambridge University Press},
	address={Cambridge}
}

	@inproceedings{pfausteinbach2004,
  title={An Optimality-Theoretic Account of {G}erman {S}ign {L}anguage Pluralization},
  author={Pfau, Roland and Steinbach, Markus},
  booktitle={Proceedings of the Western Conference on Linguistics ({WECOL}) 15},
  pages={234--245},
  year={2004}
}


	@incollection{herrmann2012prosody,
	title={Prosody in {G}erman {S}ign {L}anguage},
  author={Herrmann, Annika},
	booktitle={Prosody and Meaning},
	publisher={Mouton de Gruyter}, 
	address={Berlin},
	year={2012},
	editor={Prieto, Pilar and Gorka Elordieta},
	pages={349--380},
	}

	@incollection{hermannsteinbach2012quotation,
	title={Quotation in Sign Languages -- A Visible Context Shift},
  author={Herrmann, Annika and Steinbach, Markus},
	booktitle={Quotatives. {C}ross-linguistic and cross-disciplinary perspectives},
	publisher={John Benjamins}, 
	address={Amsterdam},
	year={2012},
	editor={Alphen, Ingrid van and Buchstaller, Isabelle},
	pages={203--228},
	}



@article{pfausalzmannsteinbach2018agreement,
  title={The syntax of sign language agreement: common ingredients, but unusual recipe},
  author={Pfau, Roland and Salzmann, Martin and Steinbach, Markus},
  journal={Glossa. A Journal of General Linguistics},
  volume={3},
  number={1},
  pages={107},
  year={2008},
	doi={10.5334/gjgl.511}
	}


@article{pfau2008headshake,
  title={The grammar of headshake: a typological perspective on {G}erman {S}ign Language negation},
  author={Pfau, Roland},
  journal={Linguistics in Amsterdam},
  volume={1},
  number={1},
  pages={37--74},
  year={2008}
	}
	

	
		@incollection{pfauquer2007syntaxofnegationandmodals,
	title={On the syntax of negation and modals in {G}erman {S}ign {L}anguage ({DGS}) and {C}atalan {S}ign {L}anguage ({LSC})},
  author={Pfau, Roland and Quer, Josep},
	booktitle={Visible variation: Comparative studies on sign language structure},
	publisher={Mouton de Gruyter}, 
	address={Berlin},
	year={2007},
	editor={Perniss, Pamela and Pfau, Roland and Steinbach, Markus},
	pages={129--161},
	}


@phdthesis{benner2012,
  title={Phonological Processing of {G}erman {S}ign {L}anguage},
  author={Benner, Uta},
  year={2012},
	address={Stuttgart},
  school={University of Stuttgart}
}


@book{dumig2013,
  title={Phonologie der {L}aut- und {G}eb\"ardensprache. {L}inguistische {G}rundlagen, {E}rwerb, sprachtherapeutische {P}erspektiven},
  author={D\"umig, Sascha and Leuninger, Helen},
  year={2013},
  publisher={Schulz-Kirchner},
	address={Idstein}
}


	@incollection{leuninger2000,
	title={Mit den {A}ugen lernen: {G}eb\"ardenspracherwerb},
  author={Leuninger, Helen},
	booktitle={Enzyklop\"adie der {P}sychologie: {S}prachentwicklung},
	volume={3},
	publisher={Hogrefe}, 
	address={G\"ottingen},
	year={2000},
	editor={Grimm, Hannelore},
	pages={229--272},
	}

@article{leuninger1997lena,
  title={Lena. {G}eb{\"a}rdenspracherwerb trotz {I}nput},
  author={Leuninger, Helen and Happ, Daniela},
  journal={Frankfurter Linguistische Forschungen},
	issue={20},
	pages={83--96},
  year={1997}
}

@book{hanel2005spracherwerb,
  title={Der {E}rwerb der {D}eutschen {G}eb\"rdensprache als {E}rstsprache: die fr\"uhkindliche {S}prachentwicklung von {S}ubjekt- und {O}bjektverbkongruenz in {DGS}},
  author={H\"anel, Barbara},
  year={2014},
  publisher={Gunter Narr},
	address={T\"ubingen}
}

	@incollection{haenelfaul2012erwerb,
	title={Geb\"ardenspracherwerb. {N}at\"urliches Sprachlernen geh\"orloser {K}inder},
  author={H\"anel-Faulhaber, Barbara},
	booktitle={Handbuch {D}eutsche {G}eb\"ardensprache. {S}prachwissenschaftliche und anwendungsbezogene {P}erspektive},
	publisher={Signum}, 
	address={Seedorf},
	year={2012},
	editor={Eichmann, Hanna and Hansen, Martje and He\ss mann, Jens},
	pages={293--310},
	}

 

@collection{eichmannhansenhessmann2012,
	title={Handbuch {D}eutsche {G}eb\"ardensprache. {S}prachwissenschaftliche und anwendungsbezogene {P}erspektive},
	editor={Eichmann, Hanna and Hansen, Martje and He\ss mann, Jens},
	year={2016},
	address={Seedorf},
	publisher={Signum}, 
}

	@inproceedings{jahn2018,
  title={Publishing {DGS} Corpus Data: Different Formats for Different Needs},
  author={Jahn, Elena and Konrad, Reiner and Langer, Gabriele and Wagner, Sven and Hanke, Thomas},
  booktitle={Workshop Proceedings. 8th Workshop on the Representation and Processing of Sign Languages: Involving the Language Community. Language Resources and Evaluation Conference ({LREC})},
  pages={83--90},
  year={1981},
  publisher={Miyazaki, Japan},
	address={LREC}
}



	@misc{dgb,
	  author={Deutscher Geh\"orlosenbund},
		title={Geh\"orlosigkeit},
		year={2019},
		howpublished={Accessed 16th July 2019},
		url={http://www.gehoerlosen-bund.de/faq/geh%C3%B6rlosigkeit}
	}
	
	@book{eud2012,
  title={Sign Language Legislation in the  {E}uropean {U}nion},
  author={Wheatley, Mark and Pabsch, Annika},
  year={2012},
  address={Brussels},
  publisher={European Union of the Deaf}
}
	
	@incollection{schwagerzeshan2010,
	title={Word classes in sign languages: criteria and classifications},
	author={Schwager, Waldemar and Zeshan, Ulrike}, 
	booktitle={Parts of Speech. {E}mpirical and theoretical advances},
	publisher={John Benjamins}, 
	address={Amsterdam \& Philadelphia},
	year={2014},
	editor={Ansaldo, Umberto and Don, Jan and Pfau, Roland},
	pages={5--41},
	}
	
	@incollection{herrmann2007,
  title={The expression of modal meaning in {G}erman {S}ign {L}anguage and {I}rish {S}ign {L}anguage},
  author={Herrmann, Annika},
	editor={Perniss, Pamela and Pfau, Roland and Steinbach, Pfau},
  booktitle={Visible Variation: Comparative Studies on Sign Language Structure},
  pages={245--278},
  year={2007},
  publisher={Mouton de Gruyter},
	address={Berlin \& New York}
}



@article{caponigro2011ask,
  title={Ask, and tell as well: question–Answer Clauses in {A}merican {S}ign {L}anguage},
  author={Caponigro, Ivano and Davidson, Kathryn},
  journal={Natural Language Semantics},
  volume={19},
	issue={4},
  pages={323--371},
  year={2011},
	doi={10.1007/s11050-011-9071-0}
}


@article{churng2011syntax,
  title={Syntax and prosodic consequences in {ASL}. {E}vidence from multiple {WH}-questions},
  author={Churng, Sarah Ruth},
  journal={Sign Language \& Linguistics},
  volume={11},
	issue={1},
  pages={9--48},
  year={2011},
	doi={10.1075/sll.14.1.03chu}
}

@article{fishergough1999someunfinished,
  title={Some Unfinished Thoughts on {FINISH}},
  author={Fischer, Susan and Gough, Bonnie},
  journal={Sign Language \& Linguistics},
  volume={2},
	issue={1},
  pages={67--77},
  year={1999},
	doi={10.1075/sll.2.1.08fis}
}



@phdthesis{gijn2004quest,
  title={The quest for syntactic dependency. {S}entential complementation in {S}ign {L}anguage of the {N}etherlands},
  author={Gijn, Ingeborg van},
  year={2011},
	address={Amsterdam},
  school={University of Amsterdam}
}

@book{gijn2004quest,
  title={The quest for syntactic dependency. {S}entential complementation in {S}ign {L}anguage of the {N}etherlands},
  author={Gijn, Ingeborg van},
  year={2004},
  address={Utrecht},
  publisher={LOT}
}


	@mastersthesis{grose2003perfect,
  title={The perfect tenses in {A}merican {S}ign {L}anguage. {N}on-manually marked compound tenses},
  author={Grose, Donovan},
  year={2003},
  school={Purdue University}
}


@phdthesis{brunelli2011antisymmetry,
  title={Antisymmetry and sign languages. {A} comparison between {NGT} and {LIS}},
  author={Brunelli, Michele},
  year={2011},
	address={Amsterdam},
  school={University of Amsterdam}
}



@article{boven2018throughaspect,
  title={\textsc{through} as a free aspect marker in {S}ign  {L}anguage  of  the {N}etherlands},
  author={{van Boven}, Cindy},
  journal={Linguistics in Amsterdam},
  volume={11},
	issue={1},
  pages={1--21},
  year={2018}
}


@article{oomen2016aspectual,
  title={The  marking  of  two  aspectual  distinctions  in  {S}ign  {L}anguage  of  the {N}etherlands ({NGT})},
  author={Oomen, Marloes},
  journal={Linguistics in Amsterdam},
  volume={9},
	issue={2},
  pages={30--55},
  year={2016}
}

@incollection{hoitingslobin2001typological,
	title={Typological and modality constraints on borrowing: examples from the {S}ign {L}anguage of the {N}etherlands},
	author={Hoiting, Nini and Slobin, Dan I}, 
	booktitle={Foreign Vocabulary in Sign Languages},
	publisher={Lawrence Erlbaum Associates}, 
	address={Hillsdale},
	year={2014},
	editor={Brentari, Diane},
	pages={121--137},
	}

@incollection{kegletal1999creation,
	title={Creation through contact: Sign language emergence and sign language change in {N}icaragua},
	author={Kegl,Judy Anne and Senghas, Ann and Coppola, Massimo}, 
	booktitle={Language Creation and Language Change. Creolization, Diachrony, and Development},
	publisher={MIT Press}, 
	address={Cambridge},
	year={2014},
	editor={DeGraff, Michel},
	pages={179--237},
	}


@book{kooij2002phonological,
  title={Phonological Categories in {S}ign {L}anguage of the {N}etherlands. {T}he Role of Phonetic Implementation and Iconicity},
  author={Koij, Els van der},
  year={2002},
  address={Utrecht},
  publisher={LOT}
}


@article{makharoblizdepfau2018negationtense,
  title={A negation-tense interaction in {G}eorgian {S}ign {L}anguage},
  author={Makharoblidze, Tamar and Pfau, Roland},
  journal={Sign Language \& Linguistics},
  volume={21},
	issue={1},
  pages={137--151},
  year={2018},
	doi={10.1075/sll.00013.mak}
}

@article{mantovan2017nominalmoditalian,
  title={The syntax of nominal modification in {I}talian {S}ign {L}anguage ({LIS})},
  author={Mantovan, Lara and Geraci, Carlo},
  journal={Sign Language \& Linguistics},
  volume={20},
	issue={1},
  pages={183--220},
  year={2017},
	doi={10.1075/sll.00002.man}
}

@article{meir1999aperfect,
  title={A Perfect Marker in {I}sraeli {S}ign {L}anguage},
  author={Meir, Irit},
  journal={Sign Language \& Linguistics},
  volume={2},
	issue={1},
  pages={43--62},
  year={1999},
	doi={10.1075/sll.2.1.04mei}
}

@book{metzger2009zeitlinien,
  title={Zeitlinien und temporale {G}eb\"arden in der {D}eutschen {G}eb\"ardensprache. {E}ine empirische {U}ntersuchung},
  author={Metzger, Christiane},
  year={2009},
  address={Hamburg},
  publisher={Signum}
}



@incollection{nunesquadros2008phonetically,
	title={Phonetically realized traces in {A}merican {S}ign {L}anguage and {B}razilian {S}ign {L}anguage},
	author={Nunes, Jairo and Quadros, R M de}, 
	booktitle={Signs of the time. {Selected papers from TISLR 8}},
	publisher={Signum}, 
	address={Hamburg},
	year={2008},
	editor={Quer, Josep},
	pages={177--190},
	}
	
	
@phdthesis{pendzich2017lexicalnmms,
  title={Lexical nonmanuals in {G}erman {S}ign {L}anguage ({DGS})},
  author={Pendzich, Nina-Kristin},
  year={2017},
	address={G\"ottingen},
  school={Georg-August-Universit\"at G\"ottingen}
}

@incollection{pfauquer2010nonmanuals,
	title={Nonmanuals. {T}heir grammatical and prosodic roles},
	author={Pfau, Roland and Quer, Josep}, 
	booktitle={Sign languages (Cambridge Language Surveys)},
	publisher={Cambridge University Press}, 
	address={Cambridge},
	year={2008},
	editor={Brentari, Diane},
	pages={381--402},
	}
	
@incollection{pfausteinbach2016complexsentences,
	title={Complex sentences in sign languages: modality -- typology -- discourse},
	author={Pfau, Roland and Steinbach, Markus}, 
	booktitle={A matter of complexity: subordination in sign languages},
	publisher={De Gruyter Mouton}, 
	address={Berlin},
	year={2008},
	editor={Pfau, Roland and Steinbach, Markus and Herrmann, Annika},
	pages={1--35},
	}
	
@collection{pfausteinher2016matterofcompl,
	title={A matter of complexity: subordination in sign languages},
	editor={Pfau, Roland and Steinbach, Markus and Herrmann, Annika},
	year={2016},
	address={Berlin},
	publisher={De Gruyter Mouton}, 
}

@book{branchini2014,
  title={On relativization and clefting. {A}n analysis of {I}talian {S}ign {L}anguage},
  author={Branchini, Chiara},
  year={2014},
  address={Berlin},
  publisher={Mouton de Gruyter}
}

	@incollection{pfausteinbwol2012tense,
  title={Tense, aspect, and modality},
  author={Pfau, Roland and Steinbach, Markus and Woll, Bencie},
	editor={Pfau, Roland and Steinbach, Markus and Woll, Bencie},
  booktitle={Sign language: An international handbook},
  pages={186--204},
  year={2012},
  publisher={Mouton de Gruyter},
	address={Berlin}
}


@article{weidhaasschmid2015diminutiv,
  title={Diminutive verbs in {G}erman. {S}emantic analysis and theoretical implications},
  author={Weidhaas, Thomas and Schmid, Hans-J\"org},
  journal={Morphology},
  volume={25},
	issue={2},
  pages={183--227},
  year={2015},
	doi={10.1007/s11525-015-9258-z}
}

@article{zhang2007universal,
  title={Universal 20 and {T}aiwan {S}ign {L}anguage},
  author={Zhang, Niina Ning},
  journal={Sign Language \& Linguistics},
  volume={10},
	issue={1},
  pages={55--81},
  year={2007},
	doi={10.1075/sll.10.1.05zha}
}

@incollection{zwitserlood2008morphologybelow,
	title={Morphology Below the Level of the Sign. ``{F}rozen'' Forms and classifier predicates.},
	author={Zwitserlood, Inge}, 
	booktitle={Signs of the time. {Selected papers from TISLR 8}},
	publisher={Signum}, 
	address={Hamburg},
	year={2008},
	editor={Quer, Josep},
	pages={251--272},
	}









@article{prince1978,
  title={A comparison of wh-clefts and it-clefts in discourse},
  author={Prince, Ellen F},
  journal={Language},
  volume={54},
  pages={883--906},
  year={1978},
	doi={10.2307/413238}
}


@incollection{gast2014,
	title={Motivating w(h)-clefts in {E}nglish and {G}erman: a hypothesis-driven parallel
corpus study},
	author={Gast, Volker and Levshina, Natalia}, 
	booktitle={Frequency, forms and functions of cleft constructions in {R}omance
and {G}ermanic: contrastive, corpus-based studies},
	publisher={Walter de Gruyter}, 
	address={Berlin \& New York},
	year={2014},
	editor={De Cesare, Anna-Maria},
	pages={377--414},
	}


@phdthesis{aarons1994aspects,
  title={Aspects of the syntax of {American} {Sign} {Language}},
  author={Aarons, Debra},
  year={1994},
	address={Boston},
  school={Boston University}
}

@article{aarons1996topics,
  title={Topics and topicalization in {American} {Sign} {Language}},
  author={Aarons, Debra},
  journal={Stellenbosch Papers in Linguistics},
  volume={30},
  pages={65--106},
  year={1996},
  publisher={Department of General Linguistics, Stellenbosch University.}
}

@article{aarons1992clausal,
  title={Clausal structure and a tier for grammatical marking in {American} {Sign} {Language}},
  author={Aarons, Debra and Bahan, Benjamin and Kegl, Judy and Neidle, Carol},
  journal={Nordic Journal of Linguistics},
  volume={15},
  number={2},
  pages={103--142},
  year={1992},
  publisher={Cambridge University Press}
}

@incollection{macushi,
	title={Makushi},
	author={Abbott, Miriam}, 
	booktitle={Handbook of {Amazonian} Languages},
	volume={3},
	publisher={Mouton de Gruyter}, 
	address={Berlin \& New York},
	year={1991},
	editor={Derbyshire, Desmond C and Pullum, Geoffrey K},
	pages={23--160},
	}
	
	@incollection{aboh2004left,
  title={Left or right? A view from the {Kwa} periphery},
  author={Aboh, {Enoch Olad{\'e}e}},
	editor={Adger, David and de Cat, C\'{e}cile and Tsoulas, George},
	address={Dordrecht},
  booktitle={Peripheries. Syntactic Edges and Their Effects},
  pages={165--189},
  year={2004},
  publisher={Springer}
}

@book{aboh2004morphosyntax,
  title={The morphosyntax of complement-head sequences: Clause structure and word order patterns in {Kwa}},
  author={Aboh, Enoch Olad{\'e}},
  year={2004},
  publisher={Oxford University Press}
}

@article{aboh2010sa,
  title={What's a wh-word got to do with it},
  author={Aboh, Enoch O and Pfau, Roland},
  journal={Mapping the left periphery: The cartography of syntactic structures},
  volume={5},
  pages={91--124},
  year={2010},
  publisher={Oxford University Press Oxford}
}

@article{aboh2006wh,
  title={When a wh-word is not a wh-word: The case of {Indian} {Sign} {Language}},
  author={Aboh, Enoch and Pfau, Roland and Zeshan, Ulrike and others},
  journal={The yearbook of {South} {Asian} languages and linguistics},
  volume={2006},
  pages={11--43},
  year={2005}
}


	@incollection{abels2009universal,
  title={Universal 20 without the {LCA}},
  author={Abels, Klaus and Neeleman, Ad},
	editor={Brucart, Jos\'{e} M and Gavarr\'{o}, Anna and Sol\`{a}, Jaume},
  booktitle={Merging Features: Computation, Interpretation and Acquisition},
  pages={60--80},
  year={2009},
  publisher={Oxford University Press},
	address={Oxford}
}

@phdthesis{abney1987english,
  title={The {E}nglish noun phrase in its sentential aspect},
  author={Abney, Steven P},
  year={1987},
	address={Cambridge},
  school={Massachusetts Institute of Technology}

}


@article{abrusan2011wh,
  title={Wh-islands in degree questions. {A} semantic approach},
  author={Abrus{\'a}n, M{\'a}rta},
  journal={Semantics and Pragmatics},
  volume={4},
  pages={5--1},
  year={2011}
}

@book{aikhenval2009evidentiality,
  title={Evidentiality},
  author={Aikhenvald, Alexandra Y},
  year={2009},
  publisher={Oxford University Press},
	address={Oxford}
	
}

@book{aikhenval2010imp,
  title={Imperatives and Commands},
  author={Aikhenvald, Alexandra Y},
  year={2010},
  publisher={Oxford University Press},
	address={Oxford}
	
}

@article{aikhenvald2012essence,
  title={The essence of mirativity},
  author={Aikhenvald, Alexandra Y},
  journal={Linguistic Typology},
  volume={16},
  number={3},
  pages={435--485},
  year={2012},
  publisher={De Gruyter Mouton}
}

@article{aissen2003differential,
  title={Differential object marking: Iconicity vs. economy},
  author={Aissen, Judith},
  journal={Natural Language \& Linguistic Theory},
  volume={21},
  number={3},
  pages={435--483},
  year={2003},
  publisher={Springer}
}

@article{alcazar2016minor,
  title={Minor Speech Acts in a {Basque} Mirative Construction},
  author={Alc{\'a}zar, Asier},
  journal={Florida Linguistics Papers},
  volume={3},
  number={1},
	editor={Thompson, Ellen},
  year={2016}
}

@book{alcazar2014syntax,
  title={The syntax of imperatives},
  author={Alc{\'a}zar, Asier and Saltarelli, Mario},
  year={2014},
  publisher={Cambridge University Press},
	address={Cambridge}
}

@article{alexeyenko2012manner,
  title={Manner modification in event semantics},
  author={Alexeyenko, Sascha},
	editor={Cohen, Evan Gary},
  journal={Proceedings of the 27th Annual Meeting of the Israel Association for Theoretical Linguistics},
  pages={203--218},
  year={2012}
}

@book{alexiadou1997adverb,
  title={Adverb placement: A case study in antisymmetric syntax},
  author={Alexiadou, Artemis},
  volume={18},
  year={1997},
  publisher={John Benjamins},
	address={Amsterdam \& Philadelphia}
}

@article{alexiadou2001adjective,
  title={Adjective syntax and noun raising: word order asymmetries in the {DP} as the result of adjective distribution},
  author={Alexiadou, Artemis},
  journal={Studia linguistica},
  volume={55},
  number={3},
  pages={217--248},
  year={2001},
  publisher={Wiley Online Library}
}

@book{alexiadou2007noun,
  title={Noun phrase in the generative perspective},
  author={Alexiadou, Artemis and Haegeman, Liliane and Stavrou, Melita},
  volume={71},
  year={2007},
  publisher={Mouton de Gruyter},
	address={Berlin \& New York}
}

	@incollection{ambar2003,
  title={Wh-assymetries},
  author={Ambar, Manuela},
	editor={Di Sciullu, Anna Maria},
  booktitle={Asymmetry in grammar: Syntax and semantics},
  pages={209--250},
  year={2003},
  publisher={John Benjamins},
	address={Amsterdam}
}

@article{austin1962things,
  title={How to do things with words},
  author={Austin, John L},
  journal={Claredon Press},
	address={Oxford},
  year={1962}
}

@article{authier1992iterated,
  title={Iterated {CP}s and embedded topicalization},
  author={Authier, J-Marc},
  journal={Linguistic inquiry},
  pages={329--336},
  year={1992},
  publisher={The MIT Press}
}

@phdthesis{bahan1996,
  title={Non-manual realization of agreement in {American} {Sign} {Language}},
  author={Bahan, Benjamin J},
  year={1996},
	address={Boston},
  school={Boston University}
}

@article{baker1985mirror,
  title={The mirror principle and morphosyntactic explanation},
  author={Baker, Mark},
  journal={Linguistic inquiry},
  volume={16},
  number={3},
  pages={373--415},
  year={1985}
}


@book{baker1988,
  title={Incorporation: A theory of grammatical function changing},
  author={Baker, Mark},
  year={1988},
  publisher={University of Chicago Press},
	address={Chicago}
}

@book{baker1980american,
  title={{American} {Sign} {Language}: A teacher's resource text on grammar and culture},
  author={Baker-Shenk, Charlotte Lee and Cokely, Dennis},
  year={1980},
  publisher={T. J. Publishers},
	address={Silver Spring}
}

	@incollection{bakerpfau2016,
  title={Constituents and word classes},
  author={Baker, Anne and Pfau, Roland},
	editor={Baker, Anne and {van den Bogaerde}, Beppie and Pfau, Roland and Schermer, Trude},
  booktitle={The linguistics of sign languages: An introduction},
  pages={93--115},
  year={2016},
  publisher={John Benjamins},
	address={Amsterdam \& Philadelphia}
}

@phdthesis{bakershenk1983,
  title={A microanalysis of the nonmanual components of questions in {American} {Sign} {Language}},
  author={Baker-Shenk, Charlotte},
  year={1983},
	address={Berkeley},
  school={University of California, Berkeley}
}

@article{barsalou2008grounded,
  title={Grounded cognition},
  author={Barsalou, Lawrence W},
  journal={Annual Review of Psychology},
  volume={59},
  pages={617--645},
  year={2008},
  publisher={Annual Reviews}
}

@book{battison1978,
  title={Lexical borrowing in {American} {Sign} {Language}},
  author={Battison, Robbin},
  year={1978},
  publisher={Linstok},
	address={Silver Spring}
}

@article{bayer1984comp,
  title={{COMP} in {Bavarian} syntax},
  author={Bayer, Josef},
  journal={The linguistic review},
  volume={3},
  number={3},
  pages={209--274},
  year={1984},
}

	@incollection{bayer2014,
  title={Syntactic and phonological properties of wh-operators and wh-movement in {Bavarian}},
  author={Bayer, Josef},
	editor={Grewendorf, G\"unther and Wei\ss Helmut},
  booktitle={Bavarian syntax: Contributions to the theory of syntax},
  pages={23--50},
  year={2014},
  publisher={John Benjamins},
	address={Amsterdam}
}


@book{behaghel1932,
  title={Deutsche {S}yntax. {E}ine geschichtliche {D}arstellung},
  author={Behaghel, Otto},
  year={1932},
	volume={4},
  publisher={Carl Winters Universit\"atsbuchhandlung},
	address={Heidelberg}
}

@article{bellert1977semantic,
  title={On semantic and distributional properties of sentential adverbs},
  author={Bellert, Irena},
  journal={Linguistic Inquiry},
  volume={8},
  number={2},
  pages={337--351},
  year={1977},
  publisher={JSTOR}
}

	@incollection{belletti2003i,
  title={``{I}nversion'' as focalization},
  author={Belletti, Adriana},
	editor={Hulk, Aafke and Pollock, Jean-Yves},
  booktitle={Subject inversion in {Romance} and the theory of {U}niversal {G}rammar},
  pages={60--90},
  year={2003},
  publisher={Oxford},
	address={Oxford University Press}
}

@article{belletti2004aspects,
  title={Aspects of the low {IP} area},
  author={Belletti, Adriana},
  journal={The structure of {CP} and {IP}. The cartography of syntactic structures},
  volume={2},
  pages={16--51},
  year={2004}
}

@book{belletti2008structures,
  title={Structures and strategies},
  author={Belletti, Adriana},
  year={2008},
  publisher={Routledge},
	address={London}
}

@article{bellugi1972comparison,
  title={A comparison of sign language and spoken language},
  author={Bellugi, Ursula and Fischer, Susan},
  journal={Cognition},
  volume={1},
  number={2--3},
  pages={173--200},
  year={1972},
  publisher={Elsevier}
}

	@incollection{beninca2001position,
  title={The position of Topic and Focus in the left periphery},
  author={Beninc{\`a}, Paola},
	editor={Cinque, Guglielmo and Salvi, Giampaolo},
  booktitle={Current studies in {Italian} syntax. Essays offered to {Lorenzo} {Renzi}},
  pages={39--64},
  year={2001},
  publisher={Elsevier},
	address={Amsterdam}
}

	@incollection{benincapol2004topic,
  title={Topic, focus, and {V2}: Defining the {CP} sublayers},
  author={Beninc{\`a}, Paola and Poletto, Cecilia},
	editor={Rizzi, Luigi},
  booktitle={The Cartography of syntactic structures},
	volume={2},
  pages={52--76},
  year={2004},
  publisher={Oxford},
	address={Oxford University Press}
}

	@inproceedings{benett1981,
  title={Aspects of the imperative in {Hopi}},
  author={Bennett, Michael Eric},
  booktitle={The seventh {LACUS} Forum, 1980},
  pages={359--367},
  year={1981},
  publisher={Columbia},
	address={Hornbeam Press}
}

	@incollection{bergmandahl1994,
  title={Ideophones in sign language? The place of reduplication in the tense-aspect system of {Swedish} {Sign} {Language}},
  author={Bergman, Brita and Dahl, \"Osten},
	editor={Bache, Carl and Basb\o ll, Hans and Basboll, Hans and Lindberg, Carl-Erik},
  booktitle={Tense, aspect and action: Empirical and theoretical contributions to language typology},
  pages={397--422},
  year={1994},
  publisher={Berlin},
	address={Mouton de Gruyter}
}

@article{bertone2009syntax,
  title={The syntax of noun modification in {Italian} {Sign} {Language} {(LIS)}},
  author={Bertone, Carmela},
  journal={Working Papers in Linguistics},
  volume={19},
  pages={7},
  year={2009}
}

@inproceedings{bhatt1996object,
  title={Object shift and specificity: Evidence from ko-phrases in {Hindi}},
  author={Bhatt, Rajesh and Anagnostopoulou, Elena},
  booktitle={Papers from the 32nd Regional Meeting of the Chicago Linguistics Society},
  volume={1122},
  year={1996}
}

@book{binnick1991time,
  title={Time and the verb: A guide to tense and aspect},
  author={Binnick, Robert I},
  year={1991},
	address={New York \& Oxford},
  publisher={Oxford University Press}
}

@article{bobaljik1998two,
  title={Two heads aren't always better than one},
  author={Bobaljik, Jonathan David and Thr{\'a}insson, H{\"o}skuldur},
  journal={Syntax},
  volume={1},
  number={1},
  pages={37--71},
  year={1998},
  publisher={Wiley Online Library}
}


	@incollection{bovskovic2005left,
  title={Left branch extraction, structure of {NP}, and scrambling},
  author={Bo{\v{s}}kovi{\'{c}}, {\v{Z}}eljko},
	editor={Sabel, Joachim and Saito, Mamoru},
  booktitle={The free word order phenomenon: Its syntactic sources and diversity},
  pages={13--73},
  year={2005},
  publisher={Mouton de Gruyter},
	address={Berlin}
}

@article{bovskovic2005locality,
  title={On the locality of left branch extraction and the structure of {NP}},
  author={Bo{\v{s}}kovi{\'{c}}, {\v{Z}}eljko},
  journal={Studia linguistica},
  volume={59},
  number={1},
  pages={1--45},
  year={2005},
  publisher={Wiley Online Library}
}






@article{bossong1983animacy,
  title={Animacy and markedness in {U}niversal {G}rammar},
  author={Bossong, Georg},
  journal={Glossologia},
  volume={2},
  number={3},
  pages={7--20},
  year={1983--1984}
}

@book{bossong1985empirische,
  title={Empirische {Universalienforschung}},
  author={Bossong, Georg},
  volume={14},
  year={1985},
	address={T\"ubingen},
  publisher={Narr}
}

	@incollection{bossong1991differential,
  title={Differential object marking in {Romance} and beyond},
  author={Bossong, Georg},
	editor={Wanner, Dieter and Kibbee, Douglas A},
  booktitle={New Analyses in {R}omance linguistics: selected Papers from the {XVIII} {L}inguistic {S}ymposium on {R}omance {L}anguages, {U}rbana-{C}hampaign, April 7--9, 1988},
  pages={143--170},
  year={1991},
  publisher={John Benjamins},
	address={Amsterdam}
}

	@incollection{boster1996quantifier,
  title={On the quantifier-noun phrase split in {American} {Sign} {Language} and the structure of quantified noun phrases},
  author={Boster, Carole T},
	editor={Edmondson, William H and Wilbur, Ronnie B. },
  booktitle={International review of sign linguistics},
  pages={159--208},
  year={1996},
  publisher={Lawrence Erlbaum},
	address={Hillsdale}
}

@phdthesis{bour2014description,
  title={Description of multiple modality in contemporary {Scotland}: Double and triple modals in the {Scottish} Borders},
  author={Bour, Anthony},
  year={2014},
	address={Freiburg im Breisgau},
	school={Albert-Ludwigs-Universit\"at}
}

	@incollection{branchini2009relatively,
  title={Relatively different {Italian} {Sign} {Language} relative clauses},
  author={Branchini, Chiara and Donati, Caterina},
	editor={Lipt\'{a}k, Anik\'{o}},
  booktitle={Correlatives cross-linguistically},
  pages={157--191},
  year={2009},
  publisher={John Benjamins},
	address={Amsterdam \& Philadelphia}
}

	@misc{branchinidonati2007,
	  author={Branchini, Chiara and Donati, Caterina and Pfau, Roland and Steinbach, Markus},
		title={Relatively similar: Relative clause typology and sign languages},
howpublished={Paper presented at the at the \textit{2nd Conference of the Association Francaise de Linguistique Cognitive (AFLiCO)}, Lille, 05-10-2007},
	year={2007}
	}
	
	@incollection{brandt1992satztyp,
  title={Satztyp, {Satzmodus} und {Illokution}},
  author={Brandt, Margareta and Reis, Marga and Rosengren, Inger and Zimmermann, Ilse},
	editor={Rosengren, Inger},
  booktitle={Satz und {Illokution}},
  pages={1--90},
  year={1992},
	volume={1},
  publisher={Niemeyer},
	address={T\"ubingen}
}

@article{braze2004aspectual,
  title={Aspectual inflection, verb raising and object fronting in {American} {Sign} {Language}},
  author={Braze, David},
  journal={Lingua},
  volume={114},
  number={1},
  pages={29--58},
  year={2004},
  publisher={North-Holland}
}

@book{brentari1998prosodic,
  title={A prosodic model of sign language phonology},
  author={Brentari, Diane},
  year={1998},
  publisher={MIT Press},
	address={Cambridge}
}

@article{brentari2002prosody,
  title={Prosody on the hands and face: Evidence from {American} {Sign} {Language}},
  author={Brentari, Diane and Crossley, Laurinda},
  journal={Sign Language \& Linguistics},
  volume={5},
  number={2},
  pages={105--130},
  year={2002},
  publisher={John Benjamins Publishing Company}
}

@article{brentari2018production,
  title={Production and Comprehension of Prosodic Markers in Sign Language Imperatives},
  author={Brentari, Diane and Falk, Joshua and Giannakidou, Anastasia and Herrmann, Annika and Volk, Elisabeth and Steinbach, Markus},
  journal={Frontiers in psychology},
  volume={9},
  year={2018},
  publisher={Frontiers Media SA}
}


@article{bross2017scope,
  title={Scope-taking strategies and the order of clausal categories in {German} {Sign} {Language}},
  author={Bross, Fabian and Hole, Daniel},
  journal={Glossa: a journal of general linguistics},
  volume={2},
  number={1},
  pages={1--30},
  year={2017},
  publisher={Ubiquity Press}
}


	@misc{bross2017swabian,
  author={Bross, Fabian and Hole, Daniel},
		title={Swabian, {German}, {Chinese}, and {German Sign Language}: multi-source convergence on a cartographic array of modal flavors},
howpublished={Paper presented at the \textit{39th Annual Conference of the German Linguistic Society (DGfS)}, University of Saarbr\"ucken, Germany, March, 9th 2017},
	year={2017}
	}

@incollection{brown1922double,
  title={Double modals in {Hawick} {Scots}},
  author={Brown, Keith},
	editor={Trudgill, Peter and Chambers, J K},
  booktitle={Dialects of {English}: Studies in grammatical variation},
  pages={74--103},
  year={1992},
	address={London},
  publisher={Longman}
}

@article{bruge1996accusative,
  title={On the accusative a in {Spanish}},
  author={Brug{\`e}, Laura and Brugger, Gerhard},
  journal={Probus},
  volume={8},
  number={1},
  pages={1--52},
  year={1996},
  publisher={Walter de Gruyter, Berlin/New York}
}

@book{buhler1934,
  title={Sprachtheorie: Die {Darstellungsfunktion} der {Sprache}},
  author={B\"uhler, Karl},
  year={1934},
  publisher={Gustav Fischer},
	address={Jena}
}

@article{butler2003minimalist,
  title={A minimalist treatment of modality},
  author={Butler, Jonny},
  journal={Lingua},
  volume={113},
  number={10},
  pages={967--996},
  year={2003},
  publisher={Elsevier}
}

@book{bybee1985morphology,
  title={Morphology: A study of the relation between meaning and form},
  author={Bybee, Joan L},
  volume={9},
  year={1985},
  publisher={John Benjamins},
	address={Amsterdam}
}

@book{bybee1994evolution,
  title={The evolution of grammar: Tense, aspect, and modality in the languages of the world},
  author={Bybee, Joan L and Perkins, Revere Dale and Pagliuca, William},
  volume={196},
  year={1994},
  publisher={University of Chicago Press Chicago},
	address={Chicago \& London}
}

@phdthesis{caha2009nanosyntax,
  title={The nanosyntax of case},
  author={Caha, Pavel},
		year={2009},
	address={Troms\o },
  school={University of Troms\o }
}

@inproceedings{caponigro2007rhetorical,
  title={Rhetorical questions as questions},
  author={Caponigro, Ivano and Sprouse, Jon},
  booktitle={Proceedings of Sinn und Bedeutung},
  volume={11},
  pages={121--133},
  year={2007},
  organization={Universitat Pompeu Fabra Barcelona}
}


	@incollection{carnie2005phase,
  title={A phase-geometric approach to multiple marking systems},
  author={Carnie, Andrew},
	editor={McGinnis, Martha and Richards, Norvin},
  booktitle={Perspectives on phases},
   pages={87--102},
  year={2005},
  publisher={MIT Press},
	address={Cambridge}
}

@article{cecchetto2006strategies,
  title={Strategies of relativization in {Italian} {Sign} {Language}},
  author={Cecchetto, Carlo and Geraci, Carlo and Zucchi, Sandro},
  journal={Natural Language \& Linguistic Theory},
  volume={24},
  number={4},
  pages={945--975},
  year={2006},
  publisher={Springer}
}

@article{cecchetto2009another,
  title={Another way to mark syntactic dependencies: The case for right-peripheral specifiers in sign languages},
  author={Cecchetto, Carlo and Geraci, Carlo and Zucchi, Sandro},
  journal={Language},
  pages={278--320},
  year={2009},
  publisher={JSTOR}
}

@book{cheng1997typology,
  title={On the typology of wh-questions},
  author={Cheng, Lisa Lai Shen},
  year={1997},
  publisher={Garland},
	address={New York \& London}
}

	@incollection{cognola2013mixed,
  title={The mixed {OV/VO} syntax of {M{\`o}cheno} main clauses: On the interaction between high and low left periphery},
  author={Cognola, Federica},
	editor={Biberauer, Theresa and Sheehan, Michelle},
  booktitle={Theoretical approches to disharmonic word orders},
  pages={106--135},
  year={2013},
  publisher={Oxford University Press},
	address={Oxford}
}

@article{corina1989recognition,
  title={Recognition of affective and noncanonical linguistic facial expressions in hearing and deaf subjects},
  author={Corina, David P},
  journal={Brain and Cognition},
  volume={9},
  number={2},
  pages={227--237},
  year={1989},
  publisher={Elsevier}
}

@article{corina1999neuropsychological,
  title={Neuropsychological studies of linguistic and affective facial expressions in deaf signers},
  author={Corina, David P and Bellugi, Ursula and Reilly, Judy},
  journal={Language and Speech},
  volume={42},
  number={2-3},
  pages={307--331},
  year={1999},
  publisher={SAGE Publications Sage UK: London, England}
}

@article{crasborn2013phonology,
  title={The phonology of focus in {Sign} {Language} of the {Netherlands}},
  author={Crasborn, Onno and {van der Kooij}, Els},
  journal={Journal of Linguistics},
  volume={49},
  number={3},
  pages={515--565},
  year={2013},
  publisher={Cambridge University Press},
	doi={10.1017/S0022226713000054}
}

@article{crasbornkoijiros2012,
  title={On the weight of sentence-ﬁnal prosodic words},
  author={Crasborn, Onno and {van der Kooij}, Els and Ros, Johan},
  journal={Sign Language \& Linguistics},
  volume={15},
  number={1},
  pages={11--38},
  year={2012},
  publisher={Cambridge University Press}
}


	@incollection{pichler,
  title={Acquisition},
  author={Chen Pichler, Deborah},
	editor={Pfau, Roland and Steinbach, Markus and Woll, Bencie},
  booktitle={Sign language: An international handbook},
  pages={647--686},
  year={2012},
  publisher={Mouton de Gruyter},
	address={Berlin}
}


	@incollection{cogen1977three,
  title={On three aspects of time expression in {American} {Sign} {Language}},
  author={Cogen, Cathy},
	editor={Lynn A},
  booktitle={On the other hand: New perspectives on {American} {Sign} {Language}},
  pages={197--214},
  year={1977},
  publisher={Academic Press},
	address={New York}
}

@book{chomsky1975reflections,
  title={Reflections on language},
  author={Chomsky, Noam A},
  year={1975},
	publisher={Fontana},
	address={London}
}

@book{chomsky1986barr,
  title={Barriers},
  author={Chomsky, Noam A},
  year={1986},
	publisher={MIT Press},
	address={Cambridge}
}

	@incollection{chomsky1995bare,
  title={Bare phrase structure},
  author={Chomsky, Noam A},
	editor={Campos, H\'{e}ctor and Kempchinsky, Paula},
  booktitle={Evolution and revolution in linguistic theory},
  pages={51--109},
  year={1995},
  publisher={Georgetown Univeristy Press},
	address={Washington}
}

@book{chomsky1995categories,
  title={The minimalist program},
  author={Chomsky, Noam A},
  year={1995},
	publisher={MIT Press},
	address={Cambridge}
}

@article{chomsky1999derivation,
  title={Derivation by phase},
  author={Chomsky, Noam A},
  journal={MIT occasional papers in linguistics},
  volume={18},
  year={1999}
}

@article{chomsky1999,
	title={Derivation by phase},
	author={Chomsky, Noam A},
	journal={MIT occasional papers in linguistics},
	year={1999},
	volume={18}
	}




	@incollection{chomsky2000minimalist,
  title={Minimalist inquiries},
  author={Chomsky, Noam A},
	editor={Martin, Roger and Michaels, David and Uriagereka, Juan and Keyser, Samuel Jay},
  booktitle={Step by step: Essays on minimalist syntax in honor of Howard Lasnik},
  pages={89--155},
  year={2000},
  publisher={MIT press},
	address={Cambridge}
}

	@incollection{chomsky2001derivation,
  title={Derivation by phase},
  author={Chomsky, Noam A},
	editor={Kenstowicz, Michael},
  booktitle={Ken Hale. A life in language},
  pages={1--52},
  year={2001},
  publisher={MIT press},
	address={Cambridge}
}

@article{chomsky2005three,
  title={Three factors in language design},
  author={Chomsky, Noam},
  journal={Linguistic inquiry},
  volume={36},
  number={1},
  pages={1--22},
  year={2005},
  publisher={MIT Press}
}

@inproceedings{churng2006synchronizing,
  title={Synchronizing modalities: A model for synchronization of gesture and speech as evidenced by {American} {Sign} {Language}},
  author={Churng, Sarah},
  booktitle={Proceedings of the 25th West Coast Conference on Formal Linguistics},
  pages={114--122},
  year={2006},
  organization={Cascadilla Proceedings Project Somerville, MA}
}


	@misc{churng2007double,
  author={Churng, Sarah},
		title={Double constructions in {ASL} -- resolved by resumption},
howpublished={Poster presented at the 81st Annual Meeting of the Linguistic Society of America. Anaheim.},
	year={2007}
	}
	
	@mastersthesis{churng2009syntax,
  title={Syntax and prosody in {American} {Sign} {Language}: The nonmanual prosodic consequences of multiple wh-questions},
  author={Churng, Sarah Ruth},
  year={2009},
  school={University of Washington}
}

@article{cinque1986bare,
  title={Bare quantifiers, quantifiers {NPs} and the notion of operator at {S-structure}},
  author={Cinque, Guglielmo},
  journal={Rivista di Grammatica Generativa, vol. 11 (1986), p. 33-63},
  year={1986},
  publisher={Clesp}
}



@book{cinque1990types,
  title={Types of {A'-dependencies}},
  author={Cinque, Guglielmo},
  year={1990},
  publisher={MIT Press},
	address={Cambridge}
}


	@incollection{cinque1994evidence,
  title={On the evidence for partial {N}-movement in the {R}omance {DP}},
  author={Cinque, Guglielmo},
	editor={Cinque, Guglielmo and Koster, Jan and Pollock, Jean-Yves and Rizzi, Luigi and Zanuttini, Raffaella},
  booktitle={Paths towards {U}niversal {G}rammar. {E}ssays in honor of {R}ichard {K}ayne},
  pages={85--110},
  year={1994},
  publisher={Georgetown University Press},
	address={Washington}
}


@book{cinque1999adverbs,
  title={Adverbs and functional heads: A cross-linguistic perspective},
  author={Cinque, Guglielmo},
  year={1999},
  publisher={Oxford University Press},
	address={New York \& Oxford}
}

	@incollection{cinque1998restructuring,
  title={``Restructuring'' and the order of aspectual and root modal heads},
  author={Cinque, Guglielmo},
	editor={Cinque, Guglielmo and Salvi, Giampaolo},
  booktitle={Current studies in Italian syntax. Essays offered to Lorenzo Renzi},
  pages={137--155},
  year={1998},
  publisher={Elsevier},
	address={Amsterdam}
}

@article{cinque2004issues,
  title={Issues in adverbial syntax},
  author={Cinque, Guglielmo},
  journal={Lingua},
  volume={114},
  number={6},
  pages={683--710},
  year={2004},
  publisher={Elsevier}
}

@article{cinque2005deriving,
  title={Deriving {Greenberg's} {Universal} 20 and its exceptions},
  author={Cinque, Guglielmo},
  journal={Linguistic inquiry},
  volume={36},
  number={3},
  pages={315--332},
  year={2005},
  publisher={MIT Press}
}

@book{cinque2006restructuring,
  title={Restructuring and functional heads: The cartography of syntactic structures},
  author={Cinque, Guglielmo},
  volume={4},
  year={2006},
  publisher={Oxford University Press},
	address={Oxford}
	}
	
	@book{cinque2010syntax,
  title={The syntax of adjectives: A comparative study},
  author={Cinque, Guglielmo},
  volume={57},
  year={2010},
  publisher={MIT press},
	address={Cambridge}
}

@article{cinque2008cartography,
  title={The cartography of syntactic structures},
  author={Cinque, Guglielmo and Rizzi, Luigi},
  journal={STiL (Studies in Linguistics). CISCL Working Papers on Language and Cognition},
  volume={2},
  pages={42--59},
  year={2008}
}

@book{cinque2010mapping,
  title={Mapping spatial {PPs}: The cartography of syntactic structures},
  author={Cinque, Guglielmo and Rizzi, Luigi},
  volume={6},
  year={2010},
  publisher={Oxford University Press},
	address={Oxford \& New York}
}

@misc{clark1996using,
  title={Using language},
  author={Clark, Herbert H},
  year={1996},
  publisher={Cambridge University Press},
	address={Cambridge}
}

@phdthesis{coerts1992nonmanual,
  title={Nonmanual Grammatical Markers: An Analysis of Interrogatives, Negations and Topicalisations in {Sign} {Language} of the {Netherlands}},
  author={Coerts, Jane},
  year={1992},
  school={Universiteit van Amsterdam},
	address={Amsterdam}
}

@book{comrie1976aspect,
  title={Aspect: An introduction to the study of verbal aspect and related problems},
  author={Comrie, Bernard},
  year={1976},
  publisher={Cambridge University Press},
	address={Cambridge}
}

@book{comrie1985tense,
  title={Tense},
  author={Comrie, Bernard},
  year={1985},
  publisher={Cambridge University Press},
	address={Cambridge}
}

@book{croft1991syntactic,
  title={Syntactic categories and grammatical relations: The cognitive organization of information},
  author={Croft, William},
  year={1991},
  publisher={University of Chicago Press},
	address={Chicago}
}

	@incollection{croitor2013constituents,
  title={Vocatives},
  author={Croitor, Blanca and Hill, Virginia},
	editor={Dobrovie-Sorin, Carmen and Giurgea, Ion},
  booktitle={A reference grammar of {Romanian}: The noun phrase},
	volume={1},
  pages={801--826},
  year={2013},
  publisher={John Benjamins},
	address={Amsterdam \& Philadelphia}
}

@book{curme1905grammar,
  title={A grammar of the {German} language: designed for a thorough and practical study of the language as spoken and written to-day},
  author={Curme, George Oliver},
  year={1905},
  publisher={Macmillan},
	address={New York}
}

@article{dachkovsky2009visual,
  title={Visual intonation in the prosody of a sign language},
  author={Dachkovsky, Svetlana and Sandler, Wendy},
  journal={Language and speech},
  volume={52},
  number={2-3},
  pages={287--314},
  year={2009},
  publisher={SAGE Publications Sage UK: London, England}
}

@book{dahl1985tense,
  title={Tense and aspect systems},
  author={Dahl, {\"O}sten},
  year={1985},
  publisher={Blackwell},
	address={Oxford}
}

@book{dayal2016questions,
  title={Questions},
  author={Dayal, Veneeta},
  year={2016},
  publisher={Oxford University Press},
	address={Oxford}
}

@book{de2007french,
  title={French dislocation: Interpretation, syntax, acquisition},
  author={{De Cat}, C{\'e}cile},
  number={17},
  year={2007},
  publisher={Oxford University Press},
	address={Oxford}
}

@article{de2003scrambling,
  title={Scrambling in {Dutch}: optionality and optimality},
  author={{De Hoop}, Helen},
  journal={Word order and scrambling},
  pages={201--216},
  year={2003},
  publisher={Wiley-Blackwell},
	address={Oxford}
}

@article{delancey2001mirative,
  title={The mirative and evidentiality},
  author={DeLancey, Scott},
  journal={Journal of pragmatics},
  volume={33},
  number={3},
  pages={369--382},
  year={2001},
  publisher={Elsevier},
	doi={10.1016/S0378-2166(01)80001-1}
}

@article{de1995topic,
  title={Topic and focus},
  author={{De Swart}, Henriette and {de Hoop}, Helen},
  journal={Glot international},
  volume={1},
  number={7},
  pages={3--7},
  year={1995}
}

	@incollection{de2000topic,
  title={Topic and focus},
  author={{De Swart}, Henriette and {de Hoop}, Helen},
	editor={Cheng, Lisa and Sybesma, Rint},
  booktitle={The first {Glot} {International} state-of-the-article book. The latest in linguistics},
  pages={105--130},
  year={2000},
  publisher={Mouton de Gruyter},
	address={Berlin \& New York}
}

@incollection{de1990acquisition,
  title={The acquisition of long-distance rules},
  author={{De Villiers}, Jill and Roeper, Thomas and Vainikka, Anne},
	editor={Frazier, Lyn and De Villiers, Jill},
  booktitle={Language processing and language acquisition},
  pages={257--297},
  year={1990},
  publisher={Springer},
	address={Kluwer}
}

@book{diesing1992indef,
  title={Indefinites},
  author={Diesing, M},
  year={1992},
	address={Cambridge},
	publisher={MIT Press}
}

@article{diesing1995distributing,
  title={Distributing arguments},
  author={Diesing, Molly and Jelinek, Eloise},
  journal={Natural Language Semantics},
  volume={3},
  number={2},
  pages={123--176},
  year={1995},
  publisher={Springer}
}

@book{dixon2004adjective,
  title={Adjective classes: A cross-linguistic typology},
  author={Dixon, Robert M W and Aikhenvald, Alexandra Y},
  year={2004},
  publisher={Oxford University Press},
	address={Oxford}
}

@article{dobrovie1990clitic,
  title={Clitic doubling, wh-movement, and quantification in {R}omanian},
  author={Dobrovie-Sorin, Carmen},
  journal={Linguistic inquiry},
  volume={21},
  number={3},
  pages={351--397},
  year={1990},
  publisher={JSTOR}
}


	@incollection{donati2017searching,
  title={Searching for imperatives in {European} sign languages},
  author={Donati, Caterina and Barber{\`a}, Gemma and Branchini, Chiara and Cecchetto, Carlo and Quer, J},
	editor={{van Olmen}, Dani\"el and Heinold, Simone},
  booktitle={Imperatives and directive strategies},
  pages={111--155},
  year={2017},
  publisher={John Benjamins},
	address={Amsterdam \& Philadelphia}
}


	@incollection{dryer2007word,
  title={Word order},
  author={Dryer, Matthew S},
	editor={Shopen, Timothy},
  booktitle={Language typology and syntactic description},
  pages={61--131},
  year={2007},
  publisher={Cambridge University Press},
	address={Cambridge},
	edition={Second edition}
}



	
		@incollection{dryer2013order,
	title={Order of subject, object and verb},
  author={Dryer, Matthew S},
	editor={Dryer, Matthew S and Haspelmath, Martin},
  booktitle={The World Atlas of Language Structures Online},
  year={2013},
  publisher={Max Planck Institute for Evolutionary Anthropology},
	address={Leipzig}
}

	@incollection{dryer2013questions,
	title={Polar questions},
  author={Dryer, Matthew S},
	editor={Dryer, Matthew S and Haspelmath, Martin},
  booktitle={The World Atlas of Language Structures Online},
  year={2013},
  publisher={Max Planck Institute for Evolutionary Anthropology},
	address={Leipzig}
}

	@incollection{emmorey1999signers,
  title={Do signers gesture?},
  author={Emmorey, Karen},
	editor={Messing, Lynn S and Campbell, Ruth},
  booktitle={Gesture, speech, and sign},
  year={1999},
  publisher={Oxford University Press},
	address={New York}
}

@book{emmorey2002language,
  title={Language, cognition, and the brain: Insights from sign language research},
  author={Emmorey, Karen},
  year={2002},
  publisher={Lawrence Erlbaum Associates},
	address={Mahwah}
}

@article{encc1991semantics,
  title={The semantics of specificity},
  author={En{\c{c}}, M{\"u}rvet},
  journal={Linguistic inquiry},
  pages={1--25},
  year={1991},
  publisher={JSTOR}
}

@book{ernst2002syntax,
  title={The syntax of adjuncts},
  author={Ernst, Thomas},
  volume={96},
  year={2002},
  publisher={Cambridge University Press},
	address={Cambridge}
}

@article{ernst2004principles,
  title={Principles of adverbial distribution in the lower clause},
  author={Ernst, Thomas},
  journal={Lingua},
  volume={114},
  number={6},
  pages={755--777},
  year={2004},
  publisher={Elsevier}
}

@article{ernst2007role,
  title={On the role of semantics in a theory of adverb syntax},
  author={Ernst, Thomas},
  journal={Lingua},
  volume={117},
  number={6},
  pages={1008--1033},
  year={2007},
  publisher={Elsevier}
}

@article{escandell2009differential,
  title={Differential object marking and topicality: The case of {Balearic} {Catalan}},
  author={Escandell-Vidal, M Victoria},
  journal={Studies in Language. International Journal sponsored by the Foundation “Foundations of Language”},
  volume={33},
  number={4},
  pages={832--884},
  year={2009},
  publisher={John Benjamins Publishing Company}
}

@article{evans2009myth,
  title={The myth of language universals: Language diversity and its importance for cognitive science},
  author={Evans, Nicholas and Levinson, Stephen C},
  journal={Behavioral and brain sciences},
  volume={32},
  number={5},
  pages={429--448},
  year={2009},
  publisher={Cambridge University Press}
}



	@incollection{fanselow2000towards,
  title={Towards a minimalist theory of wh-expletives, wh-copying, and successive cyclicity},
  author={Fanselow, Gisbert and Mahajan, Anoop},
	editor={Lutz, Uli and M\"uller, Gereon and {von Stechow}, Arnim},
  booktitle={Wh-Scope Marking},
  pages={195--230},
  year={2000},
  publisher={John Benjamins},
	address={Amsterdam}
}


@article{felser2004wh,
  title={Wh-copying, phases, and successive cyclicity},
  author={Felser, Claudia},
  journal={Lingua},
  volume={114},
  number={5},
  pages={543--574},
  year={2004},
  publisher={Elsevier}
}




	@incollection{von2006modality,
  title={Modality and language},
  author={Fintel, Kai von},
	editor={Borchert, Donald M},
  booktitle={Encyclopedia of Philosophy},
  pages={20--27},
  year={2006},
  publisher={MacMillan},
	edition={Second edition},
	volume={10},
	address={Detroit}
}

@article{fitch2005evolution,
  title={The evolution of the language faculty: clarifications and implications},
  author={Fitch, W Tecumseh and Hauser, Marc D and Chomsky, Noam},
  journal={Cognition},
  volume={97},
  number={2},
  pages={179--210},
  year={2005},
  publisher={Elsevier}
}



	@incollection{fischer1975influences,
  title={Influences on word-order change in {American} {Sign} {Language}},
  author={Fischer, Susan A},
	editor={Li, Charles N},
  booktitle={Word order and word order change},
  pages={1--25},
  year={1975},
  publisher={University of Texas Press},
	address={Austin}
}

@article{fischer1996role,
  title={The role of agreement and auxiliaries in sign language},
  author={Fischer, Susan D},
  journal={Lingua},
  volume={98},
  number={1-3},
  pages={103--119},
  year={1996},
  publisher={Elsevier}
}



	@misc{fischer1998feature,
	  author={Fischer, Susan and Osugi, Yutaka},
		title={Feature movement in wh-questions: Evidence from sign languages},
howpublished={Poster presented at the 6th International Conference on Theoretical Issues in Sign Language Research},
	year={1998}
	}
	
	
@book{fodor1975language,
  title={The language of thought},
  author={Fodor, Jerry A},
  year={1975},
  publisher={Harvard University Press},
	address={Cambridge}
}

@book{jerry1983modularity,
  title={Modularity of Mind},
  author={Fodor, Jerry A},
  year={1983},
  address={Cambridge},
  publisher={Mit Press}
}


	@incollection{fortescue2003evidentiality,
  title={Evidentiality in {West} {Greenlandic}: A case of scattered coding},
  author={Fortescue, Michael},
	editor={Aikhenvald, Alexandra Y and Dixon R M W},
  booktitle={Studies in evidentiality},
  pages={291--306},
  year={2003},
  publisher={John Benjamins},
	address={Amsterdam \& Philadelphia}
}

@article{fox2006universal,
  title={The universal density of measurement},
  author={Fox, Danny and Hackl, Martin},
  journal={Linguistics and Philosophy},
  volume={29},
  number={5},
  pages={537--586},
  year={2006},
  publisher={Springer}
}

@book{frajzyngier2001grammar,
  title={A grammar of {Lele}},
  author={Frajzyngier, Zygmunt},
  year={2001},
  publisher={CSLI},
	address={Stanford}
}

@article{frascarelli2007subjects,
  title={Subjects, topics and the interpretation of referential pro},
  author={Frascarelli, Mara},
  journal={Natural Language \& Linguistic Theory},
  volume={25},
  number={4},
  pages={691--734},
  year={2007},
  publisher={Springer}
}

@incollection{frascarelli2007types,
  title={Types of topics in {German} and {Italian}},
  author={Frascarelli, Mara and Hinterh{\"o}lzl, Roland},
	editor={Schwabe, Kerstin and Winkler, Susanne},
  booktitle={On information structure, meaning and form},
  pages={87--116},
  year={2007},
  publisher={John Benjamins},
	address={Amsterdam \& Philadelphia}
}


@book{frawley1992linguistic,
  title={Linguistic semantics},
  author={Frawley, William},
  year={1992},
  publisher={Erlbaum},
	address={Hillsdale}
}




	@incollection{frege1918gedanke,
  title={Der {Gedanke}: Eine logische {Untersuchung}},
  author={Frege, Gottlob},
	editor={Frege, Gottlob},
  booktitle={Beitr\"age zur {Philosophie} des deutschen {Idealismus}},
	volume={1},
  pages={58--77},
  year={1918/1919},
  publisher={Verlag der Kenserschen Buchhandlung},
	address={Erfurt}
}
	
	@incollection{frege1997thought,
  title={Thought},
  author={Frege, Gottlob},
	editor={Beaney, Michael},
  booktitle={The {Frege} reader},
  pages={325--345},
  year={1997},
  publisher={Blackwell},
	address={Oxford} 
	}



	


@inproceedings{garcia2005differential,
  title={Differential object marking and informativeness},
  author={García, Marco García},
  booktitle={Proceedings of the Workshop ``Specificity and the Evolution/Emergence of Nominal Determination Systems in Romance''},
  year={2005},
	pages={17--31}
}


@book{givon1984syntax,
  title={Syntax: A functional-typological introduction},
  author={Giv{\'o}n, Talmy},
  volume={1},
  year={1984},
  publisher={John Benjamins},
	addresse={Amsterdam}
}



	@incollection{givon1985ergative,
  title={Ergative morphology and transitivity gradients in {Newari}},
  author={Giv{\'o}n, Talmy},
	editor={Plank, Frans},
  booktitle={Relational typology},
  pages={89--107},
  year={1985},
  publisher={Mouton},
	address={Berlin}
}


@book{givon1991syntax,
  title={Syntax: A functional-typological introduction},
  author={Giv{\'o}n, Talmy},
  volume={2},
  year={1991},
  publisher={John Benjamins},
	addresse={Amsterdam}
}

@article{glenberg2002grounding,
  title={Grounding language in action},
  author={Glenberg, Arthur M and Kaschak, Michael P},
  journal={Psychonomic bulletin \& review},
  volume={9},
  number={3},
  pages={558--565},
  year={2002},
  publisher={Springer}
}

@article{goksel2013phonological,
  title={The phonological and semantic bifurcation of the functions of an articulator: Head in questions in {Turkish} {Sign} {Language}},
  author={G{\"o}ksel, Asl{\i} and Kelepir, Meltem},
  journal={Sign Language \& Linguistics},
  volume={16},
  number={1},
  pages={1--30},
  year={2013},
  publisher={John Benjamins Publishing Company}
}

	@incollection{greenberg1963some,
  title={Some universals of grammar with particular reference to the order of meaningful elements},
  author={Greenberg, Joseph H},
	editor={Greenberg, Joseph H},
  booktitle={Universals of language},
  pages={73--113},
  year={1963},
  publisher={MIT Press},
	address={Cambridge}
}	



	@incollection{grewendorf2012wh,
  title={Wh-movement as topic movement},
  author={Grewendorf, G{\"u}nther},
	editor={Brug\'{e}, Laura and Cardinaletti, Anna and Giusti, Giuliana and Munaro, Nicola and Poletto, Cecilia},
  booktitle={Functional Heads},
  pages={55--68},
  year={2012},
  publisher={Oxford University Press},
	address={Oxford}
}	

	@incollection{grewendorf2015bavarian,
  title={Double fronting in {B}avarian left periphery},
  author={Grewendorf, G{\"u}nther},
	editor={Shlonsky, Ur},
  booktitle={Beyond Functional Sequence},
  pages={232--252},
  year={2015},
  publisher={Oxford University Press},
	address={Oxford}
}	


	@incollection{grewendorf1991theorien,
  title={Theorien der {Satzmodi}},
  author={Grewendorf, G{\"u}nther and Zaefferer, Dietmar},
	editor={von Stechow, Armin von and Wunderlich, Dieter},
  booktitle={Semantik. Ein internationales {Handbuch} der zeitgen\"ossischen {Forschung}; Semantics: An International Handbook of Contemporary Research},
  pages={270--286},
  year={1991},
  publisher={Walter de Gruyter},
	address={Berlin \& New York}
}	

@article{groenendijk1975modality,
  title={Modality and conversational information},
  author={Groenendijk, Jeroen and Stokhof, Martin},
  journal={Theoretical linguistics},
  volume={2},
  number={1--3},
  pages={61--112},
  year={1975},
  publisher={Walter de Gruyter, Berlin/New York}
}

@book{grohmann2003prolific,
    title={Prolific Domains: On the Anti-locality of Movement Dependencies},
    author={Grohmann, Kleanthes K},
    publisher={John Benjamins},
    year={2003},
    adress={Amsterdam \& Philadelphia}


}

@article{grose2007events,
  title={Events and telicity in classifier predicates: A reanalysis of body part classifier predicates in {ASL}},
  author={Grose, Donovan and Wilbur, Ronnie B and Schalber, Katharina},
  journal={Lingua},
  volume={117},
  number={7},
  pages={1258--1284},
  year={2007},
  publisher={Elsevier}
}

	@incollection{guentcheva1996tro,
  title={Introduction},
  author={Guentch\'{e}va, Zlatka},
	editor={Guentch\'{e}va, Zlatka},
  booktitle={{L'{E}nconcation} {M\'{e}diatis\'{e}e}},
  pages={11--18},
  year={1996},
  publisher={Peeters},
	address={Louvain \& Paris}
}

@inproceedings{gunlogson2002declarative,
  title={Declarative questions},
  author={Gunlogson, Christine},
  booktitle={Semantics and Linguistic Theory},
  volume={12},
  pages={124--143},
  year={2002}
}

@book{gutzmann2015use,
  title={Use-conditional meaning: Studies in multidimensional semantics},
  author={Gutzmann, Daniel},
  volume={6},
  year={2015},
  publisher={OUP Oxford}
}

@article{haegeman2003conditional,
  title={Conditional clauses: External and internal syntax},
  author={Haegeman, Liliane},
  journal={Mind \& Language},
  volume={18},
  number={4},
  pages={317--339},
  year={2003},
  publisher={Wiley Online Library}
}

@inproceedings{haegeman2004topicalization,
  title={Topicalization, {CLLD} and the left periphery},
  author={Haegeman, Liliane},
	booktitle={Proceedings of the Dislocated Elements Workshop: {ZAS} {B}erlin, {N}ovember 2003},
  volume={12},
  pages={157--192},
  year={2004}
}

	@incollection{haegeman2013syntax,
  title={The syntax of adverbial clauses},
  author={Haegeman, Liliane},
	editor={Anderson, Stephen R and Moeschler, Jacques and Reboul, Fabienne},
  booktitle={L'Interface Langage Cognition. Actes du 19e Congres International des Linguistes},
  pages={135--156},
  year={2013},
  publisher={Droz S.A.},
	address={Geneva}
}



@book{happ2014vork,
  title={Deutsche {Geb\"ardensprache}: Ein {Lehr-} und {Arbeitsbuch}},
  author={Happ, Daniela and Vork\"oper, Marc-Oliver},
  year={2014},
  publisher={Fachhochschulverlag},
	address={Frankfurt am Main}
}

@book{haumann2007adverb,
  title={Adverb licensing and clause structure in {English}},
  author={Haumann, Dagmar},
  year={2007},
  publisher={John Benjamins},
	address={Amsterdam \& Philadelphia}
}

@article{hauser2002faculty,
  title={The faculty of language: What is it, who has it, and how did it evolve?},
  author={Hauser, Marc D and Chomsky, Noam and Fitch, W Tecumseh},
  journal={Science},
  volume={298},
  number={5598},
  pages={1569--1579},
  year={2002},
  publisher={American Association for the Advancement of Science}
}

@phdthesis{heim1982semantics,
  title={The semantics of definite and indefinite noun phrases},
  author={Heim, Irene},
  year={1982},
  school={University of Massachusetts in Amherst},
	address={Amherst}
}

@inproceedings{heine1994genesis,
  title={On the genesis of aspect in {African} languages: the proximative},
  author={Heine, Bernd},
  booktitle={Annual Meeting of the Berkeley Linguistics Society},
  volume={20},
  number={2},
  pages={35--46},
  year={1994}
}

@book{henry1995belfast,
  title={Belfast {English} and {Standard} {English}: Dialect variation and parameter setting},
  author={Henry, Alison},
  year={1995},
  publisher={Oxford University Press on Demand},
	address={Oxford}
}


@book{herrmann2013modal,
  title={Modal and focus particles in sign languages: A cross-linguistic study},
  author={Herrmann, Annika},
  year={2013},
  publisher={Walter de Gruyter}
}

	@incollection{herrmann2014nonmanual,
  title={Nonmanual gestures in sign languages},
  author={Herrmann, Annika and Pendzich, Nina-Kristin},
	editor={M\"uller, Cornelia and Cienki, Alan and Fricke, Ellen and Ladewig, Silva and McNeill, David and Tessendorf, Sedinha},
  booktitle={Body -- Language -- Communication: An International Handbook on Multimodality in Human Interaction},
  pages={2149--2162},
	volume={2},
  year={2003},
  publisher={de Gruyter Mouton},
	address={Berlin}
}

@inproceedings{von2005evolution,
  title={The evolution of differential object marking in {Spanish}},
  author={Heusinger, Klaus von and Kaiser, Georg A},
  booktitle={Proceedings of the Workshop: Specificity and the Evolution/Emergence of Nominal Determination Systems in Romance},
  pages={33--69},
  year={2005}
}

@inproceedings{von2007differential,
  title={Differential object marking and the lexical semantics of verbs in {Spanish}},
  author={Heusinger, Klaus von and Kaiser, Georg A},
  booktitle={Proceedings of the Workshop Definiteness, Specificity and Animacy in {Ibero-Romance} Languages},
  pages={85--110},
  year={2007}
}

@article{von2011affectedness,
  title={Affectedness and differential object marking in {Spanish}},
  author={Heusinger, Klaus von and Kaiser, Georg A},
  journal={Morphology},
  volume={21},
  number={3-4},
  pages={593--617},
  year={2011},
  publisher={Springer}
}

@article{hill2007vocatives,
  title={Vocatives and the pragmatics--syntax interface},
  author={Hill, Virginia},
  journal={Lingua},
  volume={117},
  number={12},
  pages={2077--2105},
  year={2007},
  publisher={Elsevier}
}

@book{hill2013vocatives,
  title={Vocatives: How syntax meets with pragmatics},
  author={Hill, Virginia},
  year={2013},
  publisher={Brill},
	address={Leiden \& Boston}
}

	@incollection{hinterwimmer2011formation,
  title={Information structure and truth conditional semantics},
  author={Hinterwimmer, Stefan},
	editor={Heusinger, Klaus von and Maienborn, Claudia and Portner, Paul},
  booktitle={Semantics: An International Handbook of Natural Language Meaning},
  pages={1875--1908},
  year={2011},
	volume={2},
  publisher={de Gruyter},
	address={Berlin}
}

@article{hoekstra1993dialectal,
  title={Dialectal variation inside {CP} as parametric variation},
  author={Hoekstra, Eric},
  journal={Linguistische Berichte},
	 volume={5},
  pages={161--179},
  year={1993},
  publisher={Springer}
}



	@incollection{hohle2000w,
  title={The w-\dots w-construction: Appositive or scope indicating?},
  author={H{\"o}hle, Tilman N},
	editor={Lutz, Uli and M\"uller Gereon and Stechow, Armin von},
  booktitle={Wh-scope marking},
  pages={249--270},
  year={2003},
  publisher={John Benjamins},
	address={Amsterdam}
}

@article{hockett1960origin,
  title={The origin of speech},
  author={Hockett, Charles F and Hockett, Charles D},
  journal={Scientific American},
  volume={203},
  number={3},
  pages={88--97},
  year={1960},
  publisher={JSTOR}
}

@article{hole2011deconstruction,
  title={The deconstruction of {Chinese} sh{\i}\dots de clefts revisited},
  author={Hole, Daniel},
  journal={Lingua},
  volume={121},
  number={11},
  pages={1707--1733},
  year={2011}
}

@book{hole2014dativ,
  title={Dativ, {Bindung} und {Diathese}},
  author={Hole, Daniel},
  volume={78},
  year={2014},
  publisher={Walter de Gruyter},
	address={Berlin \& Boston}
}



	@incollection{hole2015arguments,
  title={Arguments and adjuncts},
  author={Hole, Daniel},
	editor={Kiss, Tibor and Alexiadou, Artemis},
  booktitle={Syntax. Theory and Analysis. An International Handbook},
  pages={1285--1321},
  year={2015},
  publisher={de Gruyter Mouton},
	address={Berlin \& New York}
}

@article{hole2015distributed,
  title={A distributed syntax for evaluative `only' sentences},
  author={Hole, Daniel},
  journal={Zeitschrift f{\"u}r Sprachwissenschaft},
  volume={34},
  number={1},
  pages={43--77},
  year={2015},
  publisher={De Gruyter Mouton}
}

@article{hole2017crosslinguistic,
  title={A crosslinguistic syntax of scalar and non-scalar focus particle sentences: the view from {Vietnamese} and {Chinese}},
  author={Hole, Daniel},
  journal={Journal of East Asian Linguistics},
  volume={26},
  number={4},
  pages={389--409},
  year={2017},
  publisher={Springer},
	doi={10.1007/s10831-017-9160-2}
}

@article{hopper1980transitivity,
  title={Transitivity in grammar and discourse},
  author={Hopper, Paul J and Thompson, Sandra A},
  journal={Language},
  pages={251--299},
  year={1980},
  publisher={JSTOR},
	doi={10.2307/413757}
}

@article{hornstein1977towards,
  title={Towards a theory of tense},
  author={Hornstein, Norbert},
  journal={Linguistic Inquiry},
  volume={8},
  number={3},
  pages={521--557},
  year={1977},
  publisher={JSTOR}
}

@book{hornstein2005understanding,
  title={Understanding minimalism},
  author={Hornstein, Norbert and Nunes, Jairo and Grohmann, Kleanthes K},
  year={2005},
  publisher={Cambridge University Press},
	address={Cambridge}
}

@book{von1836kawi,
  title={{\"U}ber die {Kawi-Sprache} auf der {Insel} {Java}: nebst einer {Einleitung} {\"u}ber die {Verschiedenheit} des menschlichen {Sprachbaues} und ihren {Einfluss} auf die geistige {Entwickelung} des {Menschengeschlechts}: {S{\"u}dsee-Sprache}, als {\"o}stlicher {Zweig} des {Malayischen} {Sprachstammes}},
  author={Humboldt, Wilhelm von},
  year={1836},
  publisher={K\"onigliche Akademie der Wissenschaften},
	address={Berlin}
}


@book{humboldt1999language,
  title={On language: On the diversity of human language construction and its influence on the mental development of the human species},
  author={Humboldt, Wilhelm von},
  year={1999},
	note={Edited by Losonsky, Michael and translated by Heath, Peter},
	  publisher={Cambridge University Press},
	address={Cambridge}
}




@inproceedings{iatridou2010scopal,
  title={On the scopal interaction of negation and deontic modals},
  author={Iatridou, Sabine and Zeijlstra, Hedde},
  booktitle={Proceedings of the Amsterdam Colloquium 2009},
  pages={315--324},
  year={2010},
}

@book{jackendoff1972semantic,
  title={Semantic interpretation in generative grammar},
  author={Jackendoff, Ray S},
  year={1972},
  publisher={MIT Press},
	address={Cambridge}
}


@book{jackendoff1977x,
  title={$\bar{\mathbb{X}}$-syntax: A Study of Phrase Structure},
  author={Jackendoff, Ray S},
  year={1977},
  publisher={MIT Press},
	address={Cambridge}
}

@book{jacobsen1992transitive,
  title={The transitive structure of events in {Japanese}},
  author={Jacobsen, Wesley M},
  volume={1},
  year={1992},
  publisher={Kurosio},
	address={Tokyo}
}

@article{janzen1999grammaticization,
  title={The grammaticization of topics in {American} {Sign} {Language}},
  author={Janzen, Terry},
  journal={Studies in Language. International Journal sponsored by the Foundation ``Foundations of Language''},
  volume={23},
  number={2},
  pages={271--306},
  year={1999},
  publisher={John Benjamins Publishing Company}
}

	@incollection{jelinek2003argument,
  title={Argument hierarchies and the mapping principle},
  author={Jelinek, Eloise and Carnie, Andrew},
	editor={Carnie, Andrew and Harley, Heidi and Willie, MaryAnn},
  booktitle={Formal approaches to function},
  pages={265--296},
  year={2003},
  publisher={John Benjamins},
	address={Amsterdam}
}

@article{jensen2007favour,
  title={In favour of a truncated imperative clause structure: Evidence from adverbs},
  author={Jensen, Britta Karen},
	journal={Working Papers in Scandinavian Syntax},
  volume={80},
  year={2007},
  pages={163--185},
  publisher={Department of Scandinavian Languages, Lund University}
}






@book{jespersen1933essentials,
  title={Essentials of {English} grammar},
  author={Jespersen, Otto},
  year={1933},
  publisher={George Allen \& Unwin},
	address={London}
}

@phdthesis{johnston1989auslan,
  title={Auslan: The Sign Language of the {Australian} Deaf community},
  author={Johnston, Trevor A},
  year={1989},
	address={Sydney},
  school={University of Sydney}
}


@book{johnston2007australian,
  title={Australian {Sign} {Language}: An introduction to {Australian} {Sign} {Language} linguistics},
  author={Johnston, Trevor and Schembri, Adam},
  year={2007},
  publisher={Cambridge University Press},
	address={Cambridge}
}

@book{kahnemuyipour2009syntax,
  title={The syntax of sentential stress},
  author={Kahnemuyipour, Arsalan},
  number={25},
  year={2009},
  publisher={Oxford University Press},
	address={Oxford}
}




	@incollection{kamp1981theory,
  title={A theory of truth and semantic representation},
  author={Kamp, Hans},
	editor={Groenendijk, Jeroen and Stokhof, Martin J B},
  booktitle={Formal Methods in the Study of Language: Part 1},
  pages={277--322},
  year={2003},
  publisher={Mathematisch Centrum},
	address={Amsterdam}
}



	@incollection{kamper2006differential,
  title={Differential object marking},
  author={Kamper, Gergely},
	editor={Varga, L\'{a}sl'{o}},
  booktitle={The Even Yearbook},
  pages={2--19},
  year={2006},
  publisher={Department of English Linguistics, E\"otv\"os Lor\'{a}nd University},
	address={Budapest}
}


@article{karttunen1973presuppositions,
  title={Presuppositions of compound sentences},
  author={Karttunen, Lauri},
  journal={Linguistic inquiry},
  volume={4},
  number={2},
  pages={169--193},
  year={1973},
  publisher={JSTOR}
}

@book{kats1964integrated,
  title={An integrated theory of linguistic description},
  author={Kats, Jerrold and Postal, Paul},
  year={1964},
  publisher={MIT Press},
	address={Cambridge}
}

@book{kaufmann2012terpreting,
  title={Interpreting imperatives},
  author={Kaufmann, Magdalena},
  year={2012},
  publisher={Springer},
	address={New York}
}


@misc{kaynel984,
  title={Connectedness and binary branching},
  author={Kayne, Richard S},
  publisher={Foris},
	address={Dordrecht},
	year={1984}
}

@Book{kayne1994antisymmetry,
  author    = {Kayne, Richard S},
  title     = {The antisymmetry of syntax},
  year      = {1994},
  publisher = {MIT Press},
  address   = {Cambridge},
}

@incollection{kayne2005some,
  title={Some notes on comparative syntax, with special reference to {E}nglish and {F}rench},
	 author={Kayne, Richard S},
	editor={Cinque, Guglielmo and Kayne, Richard S},
  booktitle={The {O}xford handbook of comparative syntax},
  year={2005},
  publisher={Oxford University Press},
	address={New York}
}

@article{kayne2007several,
  title={Several, few and many},
  author={Kayne, Richard S},
  journal={Lingua},
  volume={117},
  number={5},
  pages={832--858},
  year={2007},
  publisher={Elsevier}
}

@incollection{keenan1976towards,
  title={Towards a universal definition of ``subject''},
  author={Keenan, Edward L},
	booktitle={Subject and Topic},
	editor={Li, Charles N},
  year={1976},
	pages={303--333},
  publisher={Academic Press},
	address={New York}
}

@article{kegl1991interplay,
  title={The interplay between linguistic and spatial processing in a right-lesioned signer},
  author={Kegl, Judy and Poizner, Howard},
  journal={Journal of Clinical and Experimental Neuropsychology},
  volume={13},
  number={1},
  pages={38--39},
  year={1991},
}

@article{kegl1997crosslinguistic,
  title={Crosslinguistic/crossmodal syntactic consequences of left-hemisphere damage: evidence from an aphasic signer and his identical twin},
  author={Kegl, Judy and Poizner, Howard},
  journal={Aphasiology},
  volume={11},
  number={1},
  pages={1--37},
  year={1997},
  publisher={Taylor \& Francis}
}


@book{keller1998aspekte,
  title={Aspekte der {Raumnutzung} in der {Deutschen} {Geb{\"a}rdensprache}},
  author={Keller, J{\"o}rg},
  year={1998},
  publisher={Signum},
	address={Seedorf}
}

@inproceedings{key2012differential,
  title={Differential object marking in {Turkic} and {Persian} as a contact phenomenon},
  author={Key, Greg},
  booktitle={Annual Meeting of the Berkeley Linguistics Society},
  volume={38},
  pages={239--254},
  year={2012}
}

@book{kingsbury1986longman,
  title={Longman advanced {English}: Teacher's guide},
  author={Kingsbury, Roy and Wellman, Guy},
  year={1986},
  publisher={Longman},
	address={Harlow}
}

@article{kimmelman2012word,
  title={Word order in {Russian} {Sign} {Language}: An extended report},
  author={Kimmelman, Vadim},
  journal={Linguistics in Amsterdam},
  volume={5},
  number={1},
  pages={1--56},
  year={2012},
}

@article{kiss1981structural,
  title={Structural relations in {Hungarian}, a ``free'' word order language},
  author={\'{E} Kiss, Katalin},
  journal={Linguistic Inquiry},
  volume={12},
  number={2},
  pages={185--213},
  year={1981},
  publisher={JSTOR}
}

@book{klima1979signs,
  title={The signs of language},
  author={Klima, Edward S and Bellugi, Ursula},
  year={1979},
  publisher={Harvard University Press},
	address={Cambridge}
}

@article{konig1977temporal,
  title={Temporal and non-temporal uses of `noch' and `schon' in {G}erman},
  author={K{\"o}nig, Ekkehard},
  journal={Linguistics and Philosophy},
  volume={1},
  number={2},
  pages={173--198},
  year={1977},
  publisher={Springer}
}



	@incollection{konig2007speech,
  title={Speech act distinctions in grammar},
  author={K{\"o}nig, Ekkehard and Siemund, Peter},
	editor={Shopen, Timothy},
  booktitle={Language typology and syntactic description},
  pages={276--324},
  year={2007},
  publisher={Cambridge University Press},
	address={Cambridge}
}

	@incollection{kratzer1981,
  title={The notional category of modality},
  author={Kratzer, Angelika},
	editor={Eikmeyer, Hans-J\"urgen and Rieser, Hannes},
  booktitle={Words, worlds, and contexts},
  pages={38--74},
  year={1981},
  publisher={Walter de Gruyter},
	address={Berlin \& New York}
}

	@incollection{kratzer1991,
  title={Modality},
  author={Kratzer, Angelika},
	editor={Stechow, Armin von and Wunderlich, Dieter},
  booktitle={Semantics: An international handbook of contemporary research},
  pages={639--650},
  year={1991},
  publisher={Walter de Gruyter},
	address={Berlin \& New York}
}

@incollection{kratzer1996severing,
  title={Severing the external argument from its verb},
  author={Kratzer, Angelika},
	editor={Rooryck, Johan and Zaring, Laurie Ann},
  booktitle={Phrase structure and the lexicon},
  pages={109--137},
  year={1996},
  publisher={Springer}
}

@article{krebs2017two,
  title={Two agreement markers in {Austrian} {Sign} {Language} {({\"O}GS)}},
  author={Krebs, Julia and Wilbur, Ronnie B and Roehm, Dietmar},
  journal={Sign Language \& Linguistics},
  volume={20},
  number={1},
  pages={27--54},
  year={2017},
  publisher={John Benjamins Publishing Company}
}



	@incollection{krifka2007basic,
  title={Basic notions of information structure},
  author={Krifka, Manfred},
	editor={F\'{e}ry, Carolin and Fanselow, Gisbert and Krifka, Manfred},
  booktitle={Interdisciplinary Studies on Information Structure, 6},
  pages={13--56},
  year={2007},
  publisher={Universit\"atsverlag},
	address={Potsdam}
}


@book{kroeger2018,
  title={Analyzing meaning: An introduction to semantics and pragmatics},
  author={Kroeger, Paul},
  year={2018},
  publisher={Language Science Press},
	address={Berlin}
}

@book{laenzlinger1998comparative,
  title={Comparative studies in word order variation: Adverbs, pronouns, and clause structure in {Romance} and {Germanic}},
  author={Laenzlinger, Christopher},
  volume={20},
  year={1998},
  publisher={John Benjamins Publishing},
	address={Amsterdam \& Philadelphia}
}


@book{lackner2017functions,
  title={Functions of Head and Body Movements in {Austrian} {Sign} {Language}},
  author={Lackner, Andrea},
  year={2017},
  publisher={Walter de Gruyter},
	address={de Gruyter Mouton}
}

@incollection{ladd1981intonational,
  title={On intonational universals},
  author={Ladd, D Robert},
	editor={Myers, Terry and Laver, John and Anderson, John},
  booktitle={The cognitive representation of speech},
  pages={389--397},
  year={1981},
  publisher={North-Holland},
	address={Amsterdam, New York \& Oxford}
}

@incollection{langacker2001topic,
  title={Topic, subject, and possessor},
  author={Langacker, Ronald W},
	editor={Simonsen,Hanne Gram and Theil Endresen, Rolf},
  booktitle={A cognitive approach to the verb: Morphological and constructional perspectives},
  pages={11--48},
  year={2001},
  publisher={Mouton de Gruyter},
	address={Berlin \& New York}
}

@inproceedings{lasnik2001can,
  title={When can you save a structure by destroying it?},
  author={Lasnik, Howard},
  booktitle={Proceedings of {NELS}},
  volume={31},
  number={2},
  pages={301--320},
  year={2001}
}

@book{lefebvre2006creole,
  title={Creole genesis and the acquisition of grammar: The case of {Haitian} {Creole}},
  author={Lefebvre, Claire},
  volume={88},
  year={2006},
  publisher={Cambridge University Press},
	address={Cambridge}
}

@inproceedings{leonetti2003specificity,
  title={Specificity and object marking: The case of {Spanish} a},
  author={Leonetti, Manuel},
  booktitle={Proceedings of the workshop semantic and syntactic aspects of specificity in Romance languages. Arbeitspapier},
  volume={113},
  pages={67--102},
  year={2003}
}


@article{leonetti2004specificity,
  title={Specificity and differential object marking in {Spanish}},
  author={Leonetti, Manuel},
  journal={Catalan journal of linguistics},
  volume={3},
  number={1},
  pages={75--114},
  year={2004}
}

@article{levinson2010time,
  title={Time for a sea-change in linguistics: Response to comments on {`The} myth of language universals'},
  author={Levinson, Stephen C and Evans, Nicholas},
  journal={Lingua},
  volume={120},
  number={12},
  pages={2733--2758},
  year={2010},
  publisher={Elsevier}
}


@article{lillo1986two,
  title={Two kinds of null arguments in {American} {Sign} {Language}},
  author={Lillo-Martin, Diane},
  journal={Natural Language \& Linguistic Theory},
  volume={4},
  number={4},
  pages={415--444},
  year={1986},
  publisher={Springer}
}

@phdthesis{lillo1986parameter,
  title={Parameter setting: evidence from use, acquisition, and breakdown in {American} {Sign} {Language}},
  author={Lillo-Martin, Diane Carolyn},
  year={1986},
	address={San Diego},
  school={University of California}
}

@inproceedings{lillo2006position,
  title={The position of early {WH-elements} in {American} {Sign} {Language} and {Brazilian} {Sign} {Language}},
  author={Lillo-Martin, Diane and Quadros, R M de},
  booktitle={The Proceedings of the Inaugural Conference on Generative Approaches to Language Acquisition ({U}niversity of {C}onneticut {O}ccasional {P}apers in {L}inguistics 4)},
  year={2006},
		pages={195--203},
}

@inproceedings{liddell1977non,
  title={Non-manual signals in {American} {Sign} {Language}: A many layered system},
  author={Liddell, Scott K},
  booktitle={Proceedings of the First National Symposium in Sign Language Research and Teaching},
  year={1977},
	pages={193--228},
  organization={National Association of the Deaf}
}

@book{liddell1980american,
  title={{American} {Sign} {Language} syntax},
  author={Liddell, Scott K},
  volume={52},
  year={1980},
  publisher={Mouton De Gruyter},
	address={The Hague}
}

@inproceedings{liddell1984unrealized,
  title={Unrealized-inceptive aspect in {American} {Sign} {Language}: Feature insertion in syllabic frames},
  author={Liddell, Scott K},
  booktitle={Papers From the 20th Regional Meeting of the Chicago Linguistic Society},
  number={20},
  pages={257--270},
  year={1984}
}

@article{lidz2006grammar,
  title={The grammar of accusative case in {Kannada}},
  author={Lidz, Jeffrey},
  journal={Language},
	issue={82},
  pages={10--32},
  year={2006},
  publisher={JSTOR}
}

@article{lin2006time,
  title={Time in a language without tense: The case of {Chinese}},
  author={Lin, Jo-Wang},
  journal={Journal of Semantics},
  volume={23},
  number={1},
  pages={1--53},
  year={2006},
  publisher={Oxford University Press},
	doi={10.1093/jos/ffh033}
}


	@incollection{lin2012tenselessness,
  title={Tenselessness},
  author={Lin, Jo-Wang},
	editor={Binnick, Robert I},
  booktitle={The {Oxford} handbook of tense and aspect},
  pages={667--695},
  year={2012},
  publisher={Oxford University Press},
	address={Oxford}
}

@article{lobner1989germanschon,
  title={German schon -- erst -- noch: An integrated analysis},
  author={L{\"o}bner, Sebastian},
  journal={Linguistics and Philosophy},
  volume={12},
  number={2},
  pages={167--212},
  year={1989},
  publisher={Springer}
}

@article{loew1997fractionation,
  title={Fractionation of the components of role play in a right-hemispheric lesioned signer},
  author={Loew, Ruth C and Kegl, Judy A and Poizner, Howard},
  journal={Aphasiology},
  volume={11},
  number={3},
  pages={263--281},
  year={1997},
  publisher={Taylor \& Francis}
}


@book{lyons1977semantics,
  title={Semantics},
  author={Lyons, John},
  year={1977},
	volume={2},
  publisher={Cambridge University Press},
	address={Cambridge}
}

@book{macdonald2008syntactic,
  title={The syntactic nature of inner aspect: A minimalist perspective},
  author={MacDonald, Jonathan E},
  volume={133},
  year={2008},
  publisher={John Benjamins},
	address={Amsterdam \& Philadelphia}
}

@incollection{malchukov2005case,
  title={Case pattern splits, verb types and construction competition},
  author={Malchukov, Andrej L},
	editor={Amberber, Mengistu and de Hoop, Helen},
  booktitle={Competition and variation in natural languages: The case for case},
  pages={73--117},
  year={2005},
  publisher={Elsevier},
	address={Amsterdam}
}

@article{manzini2016goal,
  title={Goal and {DOM} datives},
  author={Manzini, M Rita and Franco, Ludovico},
  journal={Natural Language \& Linguistic Theory},
  volume={34},
  number={1},
  pages={197--240},
  year={2016},
  publisher={Springer}
}

@article{martinet1949double,
  title={La double articulation linguistique},
  author={Martinet, Andr{\'e}},
  journal={Travaux du Cercle linguistique de Copenhague},
  volume={5},
  pages={30--37},
  year={1949}
}



	@incollection{mathur2012verb,
  title={Verb agreement},
  author={Mathur, Gaurav and Rathmann, Christian},
	editor={Pfau, Roland and Steinbach, Markus and Woll, Bencie},
  booktitle={Sign language: An international handbook},
  pages={136--157},
  year={2012},
  publisher={Mouton de Gruyter},
	address={Berlin}
}

@article{matsuoka1997verb,
  title={Verb raising in {American} {Sign} {Language}},
  author={Matsuoka, Kazumi},
  journal={Lingua},
  volume={103},
  number={2-3},
  pages={127--149},
  year={1997},
  publisher={Elsevier Science}
}

@article{matsuoka2016notes,
  title={Notes on modals and negation in {Japanese} {Sign} {Language}},
  author={Matsuoka, Kazumi and Yano, Uiko and Akahori, Hitomi and Oka, Norie},
  journal={Studies in Language Sciences. Journal of the Japanese Society for Language Science},
  volume={15},
  pages={1--20},
  year={2016},
	}
	
	@incollection{matthewson2007evidentials,
  title={Evidentials as epistemic modals: Evidence from {St'{\'a}t'imcets}},
  author={Matthewson, Lisa and Davis, Henry and Rullmann, Hotze},
	editor={{van Craenenbroeck}, Jeroen},
  booktitle={Linguistic Variation Yearbook 2007},
  pages={201--254},
  year={2007},
  publisher={John Benjamins},
	address={Amsterdam \& Philadelphia}
}

	@misc{mccloskey1992adjunction,
  title={Adjunction, selection and embedded verb second},
  author={McCloskey, James},
howpublished={University of California at Santa Cruz. Mimeo},
	year={1992}
	}
	
	
@phdthesis{mcdaniel1986conditions,
  title={Conditions on wh-chains},
  author={McDaniel, Dana S},
  year={1986},
	address={New York},
  school={City University New York}
}

@article{mcdaniel1989partial,
  title={Partial and multiple wh-movement},
  author={McDaniel, Dana},
  journal={Natural Language \& Linguistic Theory},
  volume={7},
  number={4},
  pages={565--604},
  year={1989},
  publisher={Springer}
}

@article{mcdaniel1995parameters,
  title={Parameters for wh-movement types: Evidence from child {English}},
  author={McDaniel, Dana and Chiu, Bonnie and Maxfield, Thomas L},
  journal={Natural Language \& Linguistic Theory},
  volume={13},
  number={4},
  pages={709--753},
  year={1995},
  publisher={Springer}
}

@article{mckenzie2018latent,
  title={Latent homomorphism and content satisfaction: The double life of {Turkic} auxiliary--({\.I})p bol--},
  author={McKenzie, Andrew and Eziz, G{\"u}lnar and Major, Travis},
  journal={Glossa: a journal of general linguistics},
  volume={3},
  number={1},
  year={2018},
  publisher={Ubiquity Press}
}


@inproceedings{medeiros2012movement,
  title={Movement as tree-balancing: an account of {Greenberg's} {Universal} 20},
  author={Medeiros, David},
  booktitle={Handout from presentation at 86th annual meeting of the Linguistic Society of America},
  year={2012}
}


	@incollection{meibauer1987probleme,
  title={Probleme einer {Theorie} des {Satzmodus}},
  author={Meibauer, J{\"o}rg},
	editor={Meibauer, J{\"o}rg},
  booktitle={Satzmodus zwischen {Grammatik} und {Pragmatik}. Referate anl\"a\ss lich der 8. {Jahrestagung} der {Deutschen} {Gesellschaft} f\"ur {Sprachwissenschaft}, {Heidelberg} 1986},
  pages={1--21},
  year={1987},
  publisher={Max Niemeyer},
	address={T\"ubingen}
}

@inproceedings{meier2001result,
  title={Result clauses},
  author={Meier, Cecile},
  booktitle={Semantics and Linguistic Theory},
  volume={11},
  pages={268--285},
  year={2001}
}

@phdthesis{meier1983icons,
  title={Icons, analogues, and morphemes: The acquisition of verb agreement in {American} {Sign} {Language}},
 author={Meier, Richard Paul},
  year={1994},
	address={San Diego},
  school={University of California}
}

@article{meir1998syntactic,
  title={Syntactic-semantic interaction in {Israeli} {Sign} {Language} verbs: The case of backwards verbs},
  author={Meir, Irit},
  journal={Sign Language \& Linguistics},
  volume={1},
  number={1},
  pages={3--37},
  year={1998},
  publisher={John Benjamins Publishing Company}
}

@book{meir2007language,
  title={A language in space: The story of {Israeli} {Sign} {Language}},
  author={Meir, Irit and Sandler, Wendy},
  year={2007},
  publisher={Lawrence Erlbaum},
	address={Mahwa}
}

@article{merchant2006no,
  title={Why no(t)?},
  author={Merchant, Jason},
  journal={Style},
  volume={40},
  number={1-2},
  pages={20--23},
  year={2006},
  publisher={JSTOR}
}

@inproceedings{morimoto2002prominence,
  title={Prominence mismatches and differential object marking in {Bantu}},
  author={Morimoto, Yukiko},
  booktitle={Proceedings of the LFG02 Conference},
  pages={292--314},
  year={2002},
  organization={Citeseer}
}



	@incollection{morimoto2006language,
  title={Language variation and historical change: The spread of {DOM} in {Spanish}},
  author={Morimoto, Yukiko and de Swart, Peter},
	editor={Doetjes, Jenny and Gonz\'{a}lez, Paz},
  booktitle={Romance Languages and Linguistic Theory 2004. Selected papers from {`Going Romance'}, {L}eiden, 9--11 December 2004},
  pages={225--245},
  year={2006},
  publisher={John Benjamins},
	address={Amsterdam}
}

	@incollection{moro2003notes,
  title={Notes on vocative case. A case study in clause structure},
  author={Moro, Andrea},
	editor={Quer, Josep and Schroten, Jan and Scorretti, Mauro and Sleeman, Petra and Verheugd-Daatzelaar, Els},
  booktitle={Romance Languages and Linguistic Theory 2001. Selected Papers from {`Going Romance'}. {A}msterdam, 6---8 December 2001},
  pages={247---262},
  year={2003},
  publisher={John Benjamins},
	address={Amsterdam \& Philadelphia}
}


@book{munaro1999sintagmi,
  title={Sintagmi interrogativi nei dialetti italiani settentrionali},
  author={Munaro, Nicola},
  year={1999},
  publisher={Unipress},
	address={Padova}
}

@article{munaro1999underspecified,
  title={On underspecified wh-elements in pseudointerrogatives},
  author={Munaro, Nicola and Obenauer, Hans-Georg},
  journal={Working Papers in Linguistics}, 
	volume={9},
	number={1--2}, 	
	pages={181--253},
  year={1999},
  publisher={Venezia, Centro Linguistico Interfacolt{\`a}. Universit{\`a} degli studi di Venezia}
}

@incollection{munaro2005quest,
  title={Qu'est-ce-que (qu)-est-ce-que?: A Case Study in Comparative {Romance} Interrogative Syntax},
  author={Munaro, Nicola and Pollock, Jean-Yves},
	editor={Cinque, Guglielmo and Kayne, Richard S},
  booktitle={The {Oxford} Handbook of Comparative Syntax},
  year={2005},
	pages={542--606},
	publisher={Oxford University Press},
	adress={Oxford}
}

@mastersthesis{murmann2012agreement,
  title={The agreement auxiliary {PAM} in {German} {Sign} {Language}: An empirical investigation},
  author={Murmann, Christina},
  school={University of D{\"u}sseldorf},
  year={2012},
	address={D{\"u}sseldorf}
}

@incollection{mykhaylyk2011optional,
  title={Optional scrambling is not random: Evidence from {English-Ukrainian} acquisition},
  author={Mykhaylyk, Roksolana and Ko, Heejeong},
	editor={Anderssen, Merete and Bentzen, Kristine and Westergaard, Marit},
  booktitle={Variation in the input: Studies in acquisition of word order},
  pages={207--240},
  year={2011},
  publisher={Springer},
	address={Dordrecht}
}

@article{napoli2014order,
  title={Order of the major constituents in sign languages: Implications for all language},
  author={Napoli, Donna Jo and Sutton-Spence, Rachel},
  journal={Frontiers in psychology},
  volume={5},
  pages={376},
  year={2014},
  publisher={Frontiers}
}


@article{neidle2002language,
  title={Language across modalities: {ASL} focus and question constructions},
  author={Neidle, Carol},
  journal={Linguistic variation yearbook},
  volume={2},
  number={1},
  pages={71--98},
  year={2002},
  publisher={John Benjamins Publishing Company}
}


@article{neidle1998rightward,
  title={The rightward analysis of wh-movement in {ASL}: A reply to {P}etronio and {L}illo-{M}artin},
  author={Neidle, Carol and MacLaughlin, Dawn and Lee, Robert G and Bahan, Benjamin and Kegl, Judy},
  journal={Language},
  volume={74},
  number={4},
  pages={819--831},
  year={1998},
  publisher={JSTOR}
}


@article{neidle1994architecture,
  title={The Architecture of Functional Categories in {American} {Sign} {Language}},
  author={Neidle, Carol and Kegl, Judy and Bahan, Benjamin},
  journal={Talk presented at Harvard University, Cambridge, MA},
  year={1994}
}

@book{neidle2000syntax,
  title={Syntax of {American} {Sign} {Language}: Functional Categories and Hierarchical Structure},
  author={Neidle, Carol Jan and Kegl, Judy and MacLaughlin, Dawn and Bahan, Benjamin and Lee, Robert G},
  year={2000},
  publisher={MIT Press},
	address={Cambridge}
}

@article{nespor1999prosody,
  title={Prosody in {Israeli} {Sign} {Language}},
  author={Nespor, Marina and Sandler, Wendy},
  journal={Language and Speech},
  volume={42},
  number={2-3},
  pages={143--176},
  year={1999},
  publisher={SAGE Publications Sage UK: London, England}
}





	@incollection{newport1985acquisition,
  title={The acquisition of {American} {Sign} {Language}},
  author={Newport, Elissa L and Meier, Richard P},
	editor={Slobin, Dan I},
  booktitle={The cross-linguistic study of language acquisition},
  pages={881--938},
  year={1985},
  publisher={Erlbaum},
	address={Hillsdale}
}

@book{nordstrom2010modality,
  title={Modality and subordinators},
  author={Nordstr\"om, Jackie},
  year={2010},
  publisher={John Benjamins},
	address={Amsterdam \& Philadelphia}
}

@book{nunes2004linearization,
  title={Linearization of chains and sideward movement},
  author={Nunes, Jairo},
  year={2004},
  publisher={MIT Press},
	address={Cambridge}
}

@book{nuyts2000epistemic,
  title={Epistemic modality, language, and conceptualization: A cognitive-pragmatic perspective},
  author={Nuyts, Jan},
  year={2000},
  publisher={John Benjamins Publishing},
	address={Amsterdam \& Philadelphia}
}

	@incollection{nuyts2006modality,
  title={Modality: Overview and linguistic issues},
  author={Nuyts, Jan},
	editor={Frawley, William},
  booktitle={The expression of modality},
  pages={1--26},
  year={2006},
  publisher={Mouton De Gruyter},
	address={Berlin}
}

@article{ogren2015differential,
  title={Differential Object Marking in {Estonian}: Prototypes, Variation, and Construction-specificity.},
  author={Ogren, David},
  journal={SKY Journal of Linguistics},
  volume={28},
  year={2015}
}

@article{onea2017differential,
  title={Differential Object Marking of human definite direct objects in {Romanian}},
  author={Onea, Edgar and Hole, Daniel},
  journal={Revue Roumaine de Linguistique},
  volume={62},
  number={4},
  pages={359--376},
  year={2017},
  publisher={EDITURA ACAD ROMANE CALEA 13 SEPTEMBRIE NR 13, SECTOR 5}
}

@article{ouhalla1990sentential,
  title={Sentential negation, relativised minimality and the aspectual status of auxiliaries},
  author={Ouhalla, Jamal},
  journal={The linguistic review},
  volume={7},
  number={2},
  pages={183--231},
  year={1990},
  publisher={Walter de Gruyter, Berlin/New York}
}

@book{ouhalla1991functional,
  title={Functional categories and parametric variation},
  author={Ouhalla, Jamal},
  year={1991},
  publisher={Routledge},
	address={London}
}

@article{ozsoy2014commands,
  title={Commands in {Turkish} {Sign} {Language}},
  author={{\"O}zsoy, SA and Kelepir, M and Nubalao{\u{g}}lu, D and Hakg{\"u}der, E},
  journal={Gengo Kenkyu},
  pages={1--18},
  year={2014}
}

@article{ozyurek2010locative,
  title={Locative expressions in signed languages: a view from {Turkish} {Sign} {Language} {(T\.{I}D)}},
  author={\"Ozy\"urek, Aslo and Zwitserlood, Inge and Perniss, Pamela},
  journal={Linguistics},
  volume={48},
  number={5},
  pages={1111--1145},
  year={2010},
  publisher={Walter de Gruyter GmbH \& Co. KG}
}


@phdthesis{padden1983action,
  title={Interaction of morphology and syntax in {American} {Sign} {Language}},
  author={Padden, Carol},
  year={1983},
	address={San Diego},
  school={University of California, San Diego}
}

@book{palmer1986mood,
  title={Mood and modality},
  author={Palmer, Frank Robert},
  year={1986},
  publisher={Cambridge University Press},
	address={Cambridge}
}

@book{palmer2001mood,
  title={Mood and modality},
  author={Palmer, Frank Robert},
  year={2001},
  publisher={Cambridge University Press},
	address={Cambridge}
}




@phdthesis{pankau2013replacing,
  title={Replacing copies: The syntax of wh-copying in {German}},
  author={Pankau, Andreas},
  year={2013},
	address={Utrecht},
  school={University of Utrecht}
}


@book{papaspyrou2008grammatik,
  title={Grammatik der deutschen {Geb{\"a}rdensprache} aus der {S}icht geh{\"o}rloser {Fachleute}},
  author={Papaspyrou, Chrissostomos and Meyenn, Alexander von and Matthaei, Michaela and Herrmann, Bettina},
  year={2008},
  publisher={Signum},
	address={Seedorf}
}

@phdthesis{perniss2007space,
  title={Space and iconicity in {German} {Sign} {Language} {(DGS)}},
  author={Perniss, Pamela M},
  year={2007},
  school={Radboud University Nijmegen},
	address={Nijmegen}
}


	@incollection{pesetsky1987wh,
  title={Wh-in-situ: Movement and unselective binding},
  author={Pesetsky, David},
	editor={Reuland, Eric J and Ter Meulen, Geraldine Baltina},
  booktitle={The Representation of (In)Definiteness},
  pages={98--129},
  year={1987},
  publisher={MIT press},
	address={Cambridge \& London}
}


@phdthesis{petronio1993clause,
  title={Clause Structure in {American} {Sign} {Language}},
  author={Petronio, Karen M},
  year={1993},
	address={Washington},
  school={University of Washington}
}


@article{petronio1997,
  title={Wh-movement and the position of {Spec-}{CP}: Evidence from {American} {Sign} {Language}},
  author={Petronio, Karen and Lillo-Martin, Diane},
  journal={Language},
  volume={73},
	issue={1},
  pages={18--57},
  year={1997}
}

@incollection{pfau2002applying,
  title={Applying morphosyntactic and phonological readjustment rules in natural language negation},
  author={Pfau, Roland},
	editor={Meier, Richard P and Cormier, Kearsy and Quinto-Pozos, David},
  booktitle={The linguistics of sign languages: An introduction},
  pages={263--295},
  year={2002},
  publisher={Cambridge University Press},
	address={Cambridge}
}

	@misc{pfau2006visible,
	  author={Pfau, Roland},
		title={Visible prosody: Spreading and stacking of non-manual markers},
howpublished={Paper presented at the \textit{25th West Coast Conference on Formal Linguistics (WCCFL 25)}, Seattle, April 28, 2006},
	year={2006}
	}
	
	@misc{pfau2008topics,
	  author={Pfau, Roland},
		title={Topics and conditionals in sign languages},
		howpublished={Paper presented at the 30th Annual Conference of the {G}erman {L}inguistic {S}ociety ({DGfS}), {U}niversity of {B}amberg, {G}ermany, February, 28th 2008},
	year={2008}
	}
	
	@incollection{pfau2016featural,
  title={A featural approach to sign language negation},
  author={Pfau, Roland},
	editor={Larriv\'{e}e, Pierre and Lee, Chungmin},
  booktitle={Negation and polarity: Experimental perspectives},
  pages={45--74},
  year={2016},
  publisher={Springer},
	address={Heidelberg}
}

	@incollection{pfau2016simple,
  title={Syntax: Simple sentences},
  author={Pfau, Roland and Bos, Heleen F},
	editor={Baker, Anne and {van den Bogaerde}, Beppie and Pfau, Roland and Schermer, Trude},
  booktitle={The linguistics of sign languages: An introduction},
  pages={117--147},
  year={2016},
  publisher={John},
	address={Amsterdam}
}


@inproceedings{pfau2001pseudo,
  title={The pseudo-simultaneous nature of complex verb forms in {German} {Sign} {Language}},
  author={Pfau, Roland and Gl{\"u}ck, Susanne},
  booktitle={Proceedings of the 28th Western Conference on Linguistics},
  year={2000},
	pages={428--442}
}

	@article{pfau2makha018negativemodals,
	  author={Makharoblidze, Tamar and Pfau, Roland},
		title={A negation-tense interaction in {Georgian} {Sign} {Language}},
  journal={Sign Language and Linguistics},
  volume={20},
	issue={1},
  pages={136--151},
	doi={10.1075/sll.00013.mak}
	}

	@misc{pfau2018negativemodals,
	  author={Pfau, Roland and Makharoblidze, Tamar},
		title={Negative modals in {Georgian} {Sign} {Language}: Partial suppletion and concord},
howpublished={Paper presented at the 40th Annual Meeting of the German Linguistic Society (DGfS), Germany: University of Stuttgart},
	year={2018}
	}
	
	@article{roland2002v,
  title={V-to-{N}eg raising and negative concord in three sign languages},
  author={Pfau, Roland and Quer, Josep},
  journal={Rivista di Grammatica Generativa},
  volume={27},
  pages={73},
  year={2002}
}



@misc{pfau2004grammaticalization,
  title={On grammaticalization: Do sign languages follow the well-trodden paths?},
  author={Pfau, Roland and Steinbach, Markus},
howpublished={Talk presented at the {Eighth International Conference on Theoretical Issues in Sign Language Research, Barcelona, Spain}},
	year={2004}
	}

@inproceedings{pfau2005relative,
  title={Relative clauses in {German} {Sign} {Language}: extraposition and reconstruction},
  author={Pfau, Roland and Steinbach, Markus},
  booktitle={Proceedings of the Thirty-Fifth Annual Meeting of the North East Linguistic Society},
  volume={35},
  number={2},
  pages={507--521},
  year={2005}
}

@article{pfau2006modality,
  title={Modality-independent and modality-specific aspects of grammaticalization in sign languages},
  author={Pfau, Roland and Steinbach, Markus},
	journal={Linguistics in Potsdam},
	volume={24},
  year={2006}
}

	@misc{pfau2006thedevelopment,
	  author={Pfau, Roland and Steinbach, Markus},
		title={The Development of auxiliaries in sign languages},
howpublished={Paper presented at the international conference {Theoretical Issues in Sign Language Research (TISLR) 9, Florianopolis, Brazil}},
	year={2006}
	}
	



	@misc{pfau2008rel,
  author={Steinbach, Markus and Pfau, Roland},
		title={Relatively similar: Relative clause typology and sign languages},
howpublished={Paper presented at the Workshop on Transitivity, Cologne, November 15th, 2008},
	year={2008}
	}
	
	@incollection{pfau2011grammaticalization,
  title={Grammaticalization in sign languages},
  author={Pfau, Roland and Steinbach, Markus},
	editor={Narrog, Heiko and Heine, Bernd},
  booktitle={The {O}xford handbook of grammaticalization},
  year={2011},
	pages={681--693},
	publisher={Oxford University Press},
	address={Oxford}
}

@book{platzack1979semantic,
  title={The semantic interpretation of aspect and {Aktionsarten}: a study of internal time reference in {Swedish}},
  author={Platzack, Christer},
  volume={8},
  year={1979},
  publisher={Foris},
	address={Dordrecht}
}

@article{platzack1998subject,
  title={On the subject of imperatives: A minimalist account of the imperative clause},
  author={Platzack, Christer and Rosengren, Inger},
  journal={Journal of Comparative Germanic Linguistics},
  volume={1},
  number={3},
  pages={177--224},
  year={1998},
  publisher={Springer},
	doi={10.1023/A:1009747522177}
}

@article{platzack2017makes,
  title={What makes the imperative clause type autonomous? A comparative study in a modular perspective1},
  author={Platzack, Christer and Rosengren, Inger},
  year={2017},
  journal={Working Papers in Scandinavian Syntax},
	volume={98},
	pages={1--82}
}

@article{poizner1992neural,
  title={Neural basis of language and motor behaviour: Perspectives from {American} {Sign} {Language}},
  author={Poizner, Howard and Kegl, Judy},
  journal={Aphasiology},
  volume={6},
  number={3},
  pages={219--256},
  year={1992},
  publisher={Taylor \& Francis}
}

@article{poletto2000left,
  title={On the left periphery of some {Romance} wh-questions},
  author={Poletto, Cecilia and Pollock, Jean-Yves},
  journal={University of Venice Working Papers in Linguistics},
  volume={10},
	issue={2},
  pages={115--182},
  year={2000},
  publisher={Oxford University Press Oxford}
}


	@misc{poletto2002left,
  title={On the left periphery of {Romance} interrogatives},
  author={Poletto, Cecilia and Pollock, Jean-Yves},
howpublished={Paper presented at the {Generative} {Linguistics} in the {Old} {World} 2002, {Amsterdam}},
	year={2002}
	}


@article{poletto2005wh,
  title={On wh-clitics, wh-doubling and apparent wh-in-situ in {French} and some {North} {Eastern} {Italian} dialects},
  author={Poletto, Cecilia and Pollock, Jean-Yves},
  journal={Recherches linguistiques de Vincennes},
  number={33},
  pages={135--156},
  year={2005},
  publisher={Presses universitaires de Vincennes}
}

@inproceedings{portner2004semantics,
  title={The semantics of imperatives within a theory of clause types},
  author={Portner, Paul},
  booktitle={Semantics and linguistic theory},
  volume={14},
  pages={235--252},
  year={2004}
}

@incollection{portner2007structions,
  title={Instructions for interpretation as separate performatives},
  author={Portner, Paul},
	editor={Schwabe, Kerstin and Winkler, Susanne},
  booktitle={On Information Structure, Meaning and Form. Generalizations across languages},
  pages={407--425},
  year={2007},
  publisher={John Benjamins},
	address={Amsterdam \& Philadelphia}
}

@book{portner2009modality,
  title={Modality},
  author={Portner, Paul},
  year={2009},
  publisher={Oxford University Press},
	address={Oxford \& New York}
}


@phdthesis{potsdam1996syntactic,
  title={Syntactic issues in the {English} imperative},
  author={Potsdam, Eric},
  year={1996},
	address={Santa Cruz},
  school={University of California, Santa Cruz}
}

@book{potsdam2018syntactic,
  title={Syntactic issues in the {English} imperative},
  author={Potsdam, Eric},
  year={1998},
  publisher={Garland},
	address={New York}
}

@inproceedings{potsdam1999syntax,
  title={A syntax for adverbs},
  author={Potsdam, Eric},
  booktitle={The proceedings of the 1998 western conference on linguistics (wecol98)},
  year={1999},
	pages={397--411}
}

@article{pottier1968emploi,
  title={L'emploi de la pr{\'e}position a devant l'objet en espagnol},
  author={Pottier, Bernard},
  journal={Bulletin de la Soci{\'e}t{\'e} de Linguistique},
  volume={1},
  pages={83--95},
  year={1968}
}


@incollection{potsdam2007analysing,
  title={Analysing word order in the {English} imperative},
  author={Potsdam, Eric},
	editor={{van der Wurff}, Wim},
  booktitle={Imperative Clauses in Generative Grammar: Studies Offered to Frits Beukema},
  pages={251--272},
  year={2007},
  publisher={John Benjamins},
	address={Amsterdam \& Philadelpia}
}

@book{potts2005logic,
  title={The logic of conventional implicatures},
  author={Potts, Christopher},
  number={7},
  year={2005},
  publisher={Oxford University Press},
	address={Oxford}
}

@incollection{potts2015presupposition,
  title={Presupposition and implicature},
  author={Potts, Christopher},
	editor={Lappin, Shalom and Fox, Chris},
  booktitle={The handbook of contemporary semantic theory. Second edition},
  pages={168--202},
  year={2015},
  publisher={Wiley-Blackwell},
	address={Oxford}
}


@incollection{de2006questions,
  title={Questions in {Brazilian} {Sign} {Language} {(LSB)}},
  author={{de Quadros}, Ronice M{\"u}ller},
	editor={Zeshan, Ulrike},
  booktitle={Interrogative and Negative Constructions in Sign Languages},
  pages={270--283},
  year={2006},
  publisher={Ishara Press},
	address={Nijmegen}
}


@inproceedings{quadros2008back,
  title={Back to backwards and moving on. On agreement, auxiliaries and verb classes in sign languages},
  author={{de Quadros}, Ronice M{\"u}ller and Quer, Josep},
  booktitle={Sign Languages: spinning and unraveling the past, present and future. {TISLR9}, forty five papers and three posters from the 9th {Theoretical Issues in Sign Language Research Conference, Florianópolis, Brazil, December} 2006},
  pages={530--551},
  year={2008}
}

@collection{signgram2017,
	title={{SignGram} Blueprint: A Guide to Sign Language Grammar Writing},
	editor={Quer, Josep and Cecchetto, Carlo and Donati, Caterina and Geraci, Carlo and Kelepir, Meltem and Pfau, Roland and Steinbach, Markus},
	year={2017},
	address={Berlin \& Boston},
	publisher={Mouton de Gruyter}
}

@article{ramchand2014deriving,
  title={Deriving the functional hierarchy},
  author={Ramchand, Gillian and Svenonius, Peter},
  journal={Language Sciences},
  volume={46},
  pages={152--174},
  year={2014},
  publisher={Elsevier}
}


@article{rathmann2003optionality,
  title={The optionality of agreement phrase: Evidence from {German} {Sign} {Language} {(DGS)}},
  author={Rathmann, Christian},
  journal={Texas Linguistics Forum},
	volume={53},
  pages={181--192},
  year={2003},
}

@phdthesis{rathmann2005event,
  title={Event structure in {American} {Sign} {Language}},
  author={Rathmann, Christian Georg},
  year={2005},
	address={Texas},
	school={University of Texas at Austin}
}


@incollection{rathmann2002is,
  title={Is verb agreement the same crossmodally?},
  author={Rathmann, Christian and Mathur, Gaurav},
	editor={Richard, P Meier and Cormier, Kearsy and Quinto-Pozos, David},
  booktitle={Modality and Structure in Signed and Spoken Languages},
  pages={370--404},
  year={2002},
  publisher={Cambridge University Press},
	address={Cambridge}
}

@article{reinhart1981pragmatics,
  title={Pragmatics and linguistics an analysis of sentence topics},
  author={Reinhart, Tanya},
  year={1981},
	journal={Philosophica},
	volume={27},
	pages={53--93}
}

	@misc{reinhart1986mimeo,
  author={Reinhart, Tanya},
		title={Wh-in-situ. {WHO} vs. {WHICH N}},
howpublished={Tel Aviv University. Mimeo},
	year={1986}
	}
	
		@misc{reinhart1987mimeo,
  author={Reinhart, Tanya},
		title={Wh-in-situ. {Who} vs. which {N}},
howpublished={Tel Aviv University. Mimeo},
	year={1987}
	}
	
		@misc{reinhart1990mimeo,
  author={Reinhart, Tanya},
		title={Interpreting wh-in-situ},
howpublished={Tel Aviv University. Mimeo},
	year={1990}
	}
	
	@article{rivero1994negation,
  title={Negation, imperatives and {Wackernagel} effects},
  author={Rivero, María Luisa},
  journal={Rivista di linguistica},
  volume={6},
  number={1},
  pages={39--66},
  year={1994}
}

@article{rivero1995imperatives,
  title={Imperatives, {V-movement} and logical mood},
  author={Rivero, María Luisa and Terzi, Arhonto},
  journal={Journal of linguistics},
  volume={31},
  number={2},
  pages={301--332},
  year={1995},
  publisher={Cambridge University Press},
	doi={10.1017/S0022226700015620}
}

@book{rizzi1990relativized,
  title={Relativized minimality.},
  author={Rizzi, Luigi},
  year={1990},
  publisher={The MIT Press},
	address={Cambridge}
}


@incollection{rizzi1996residual,
  title={Residual verb second and the wh-criterion},
  author={Rizzi, Luigi},
	editor={Belleti, Andrea and Rizzi, Luigi},
  booktitle={Parameters and Functional Heads. Essays in Comparative Syntax},
  pages={63--90},
  year={1996},
  publisher={Oxford University Press},
	address={New York}
}

@incollection{rizzi1997fine,
  title={The fine structure of the left periphery},
  author={Rizzi, Luigi},
	editor={Haegeman, Liliane},
  booktitle={Elements of Grammar. Handbook in Generative Syntax},
  pages={281--337},
  year={1997},
  publisher={Kluwer},
	address={Dordrecht}
}


@incollection{rizzi2001position,
  title={On the position ``Int(errogative)'' in the left periphery of the clause},
  author={Rizzi, Luigi},
	editor={Cinque, Guglielmo and Salvi, Giampaolo},
  booktitle={Current Studies in Italian Syntax. Essays Offered to Lorenzo Renzi},
  pages={267--296},
  year={2001},
  publisher={Elsevier},
	address={Amsterdam}
}

@article{rizzi2013notes,
  title={Notes on cartography and further explanation},
  author={Rizzi, Luigi},
  journal={Probus. International Journal of Latin and Romance Linguistics},
  volume={25},
  number={1},
  pages={197--226},
  year={2013},
  publisher={De Gruyter Mouton}
}




@incollection{rizzi2004cartography,
  title={On the cartography of syntactic structures},
  author={Rizzi, Luigi},
	editor={Rizzi, Luigi},
  booktitle={The Structure of {CP} and {IP}. {T}he Cartography of Syntactic Structures},
  pages={3--15},
  year={2004},
  publisher={Oxford University Press},
	address={Oxford}
}

@book{roberts1993,
  title={Verbs and Diachronic Syntax: A Comparative History of {English} and {French}},
  author={Roberts, Ian},
  year={1993},
  publisher={Kluwer},
	address={Dordrecht}
}



@incollection{roberts2002tended,
  title={The {Extended} {Projection} {Principle} as a condition on the tense dependency},
  author={Roberts, Ian and Roussou, Anna},
	editor={Svenonius, Peter},
  booktitle={Subjects, expletives, and the EPP},
  pages={125--155},
  year={2002},
  publisher={Oxford University Press},
	address={Oxford}
}

@incollection{rochemont2016givenness,
  title={Givenness},
  author={Rochemont, Michael},
	editor={F\'{e}ry, Caroline and Ishihara, Shinichiro},
  booktitle={The {Oxford} Handbook of Information Structure},
  year={2016},
	pages={41--63},
	publisher={Oxford University Press},
	address={Oxford}
}

@article{rodman1974left,
  title={On left dislocation},
  author={Rodman, Robert},
  journal={Research on Language \& Social Interaction},
  volume={7},
  number={3-4},
  pages={437--466},
  year={1974},
  publisher={Taylor \& Francis}
}

@phdthesis{rodriguez2007syntax,
  title={The syntax of objects: Agree and differential object marking},
  author={Rodríguez-Mondoñedo, Miguel},
  year={2007},
	address={Storrs},
  school={University of Connecticut}
}

@phdthesis{ross1967constraints,
  title={Constraints on variables in syntax},
  author={Ross, John Robert},
  year={1967},
	address={Cambridge},
  school={MIT}
}

@article{rudin1988multiple,
  title={On multiple questions and multiple wh fronting},
  author={Rudin, Catherine},
  journal={Natural Language \& Linguistic Theory},
  volume={6},
  number={4},
  pages={445--501},
  year={1988},
  publisher={Springer}
}


@book{rupp2002syntax,
  title={The syntax of imperatives in {English} and {Germanic}: Word order variation in the {Minimalist} framework},
  author={Rupp, Laura},
  year={2002},
  publisher={Palgrave Macmillan},
	address={New York}
}




@incollection{rupp2007inverted,
  title={`Inverted' imperatives},
  author={Rupp, Laura},
  booktitle={Imperative Clauses in Generative Grammar: Studies Offered to Frits Beukema},
	publisher={John Benjamins},
	address={Amsterdam},
  pages={297--322},
  year={2007}
}


@incollection{sadock1985speech,
  title={Speech act distinctions in syntax},
  author={Sadock, Jerrold M and Zwicky, Arnold M},
	editor={Shopen, Timothy},
  booktitle={Language typology and syntactic description: Clause structure},
	volume={1},
  pages={155--196},
  year={1985},
  publisher={Cambridge University Press},
	address={Cambridge}
}

@article{sandler1999prosody,
  title={Prosody in two natural language modalities},
  author={Sandler, Wendy},
  journal={Language and Speech},
  volume={42},
  number={2-3},
  pages={127--142},
  year={1999},
  publisher={SAGE Publications Sage UK: London, England}
}

@incollection{sandler2009sign,
  title={Sign languages},
  author={Sandler, Wendy},
	editor={Brown, Keith and Ogilvie, Sarah},
  booktitle={Concise Encyclopedia of Languages of the World},
  pages={939--948},
  year={2009},
  publisher={Elsevier},
	address={Amsterdam}
}

@book{sandler2006sign,
  title={Sign language and linguistic universals},
  author={Sandler, Wendy and Lillo-Martin, Diane},
  year={2006},
  publisher={Cambridge University Press},
	address={Cambridge}
}

@phdthesis{sapountzaki2005free,
  title={Free functional elements of tense, aspect, modality and agreement as possible auxiliaries in {Greek} {Sign} {Language}},
  author={Sapountzaki, Galini},
  year={2005},
  school={University of Bristol},
	address={Bristol}
}

@incollection{sapountzaki2012agreement,
  title={Sign languages},
  author={Sapountzaki, Galini},
	editor={Pfau, Roland and Steinbach, Markus and Woll, Bencie},
  booktitle={Sign Language. An International Handbook},
  pages={205--227},
  year={1999},
  publisher={Mouton de Gruyter},
	address={Berlin}
}

@incollection{sarac2007cross,
  title={Cross-linguistic comparison of interrogatives in {Croatian}, {Austrian}, and {American} {Sign} {Languages}},
  author={\v{S}arac, Ninoslava and Schalber, Katharina and Aliba\v{s}i\'{c}, Tamara and Wilbur, Ronnie B},
	editor={Perniss, Pamela and Pfau, Roland and Steinbach, Pfau},
  booktitle={Visible Variation: Comparative Studies on Sign Language Structure},
  pages={207--244},
  year={2007},
  publisher={Mouton de Gruyter},
	address={Berlin \& New York}
}

@article{sarac2006interrogative,
  title={Interrogative structures in {Croatian} {Sign} {Language}: Polar and content questions},
  author={\v{S}arac, Ninoslava and Wilbur, Ronnie B},
  journal={Sign Language \& Linguistics},
  volume={9},
  number={1},
  pages={151--167},
  year={2006},
  publisher={John Benjamins Publishing Company}
}

@article{schalber2006chin,
  title={What is the chin doing? An analysis of interrogatives in {Austrian} {Sign} {Language}},
  author={Schalber, Katharina},
  journal={Sign Language \& Linguistics},
  volume={9},
  number={1},
  pages={133--150},
  year={2006},
  publisher={John Benjamins Publishing Company}
}

@inproceedings{schippers2012some,
  title={Some people are repeaters: Medial copy spell-out in long-distance wh-dependencies},
  author={Schippers, Ankelien},
  booktitle={Proceedings of ConSOLE XVII. Leiden University Centre for Linguistics, Leiden},
  year={20012},
	pages={296--288}
}

@inproceedings{schmerling1982imperatives,
  title={How imperatives are special, and how they aren't},
  author={Schmerling, Susan},
  booktitle={Papers from the Parasession on Nondeclaratives, Chicago Linguistic Society},
  pages={202--218},
  year={1982},
  publisher={University of Chicago, Chicago Linguistic Society Chicago}
}

@incollection{scott2002stacked,
  title={Stacked adjectival modification and the structure of nominal phrases},
  author={Scott, Gary-John},
	editor={Cinque, Guglielmo},
  booktitle={Functional Structure in {DP} and {IP}. The Cartography of Syntactic Structures},
	volume={1},
  pages={91--120},
  year={2002},
  publisher={Oxford University Press},
	address={Oxford}
}

@inproceedings{shaer2004integrated,
  title={`{I}ntegrated' and `non-integrated' left-peripheral elements in {German} and {English}},
  author={Shaer, Benjamin and Frey, Werner},
  year={2004},
  booktitle={{ZAS Papers in Linguistics} 35. {P}roceedings of the Workshop on dislocated elements},
  pages={465--502},
  publisher={Zentrum f\"ur Allgemeine Sprachwissenschaft, Berlin}
}

@phdthesis{shaffer2000syntactic,
  title={A syntactic, pragmatic analysis of the expression of necessity and possibility in {American} {Sign} {Language}},
  author={Shaffer, Barbara Jean},
  year={2000},
  school={University of New Mexico},
	address={Albuquerque}
}

@article{shlonsky2010cartographic,
  title={The cartographic enterprise in syntax},
  author={Shlonsky, Ur},
  journal={Language and linguistics compass},
  volume={4},
  number={6},
  pages={417--429},
  year={2010},
  publisher={Wiley Online Library}
}

@article{sigurdsson2011uniformity,
  title={Uniformity and diversity: A minimalist perspective},
  author={Sigur\dh sson, Halld{\'o}r {\'A}rmann},
  journal={Linguistic Variation},
  volume={11},
  number={2},
  pages={189--222},
  year={2011},
  publisher={John Benjamins Publishing Company}
}

@collection{simons2018ethnologue,
	title={Ethnologue: Languages of the World},
	editor={Simons, Gary F and Fennig, Charles D},
	edition={Twenty-first edition},
	year={2018},
	address={Dallas, Texas},
	publisher={SIL International}
}

@inproceedings{simons2010projects,
  title={What projects and why},
  author={Simons, Mandy and Tonhauser, Judith and Beaver, David and Roberts, Craige},
  booktitle={Semantics and linguistic theory},
  volume={20},
  pages={309--327},
  year={2010}
}



@incollection{smith1990evidence,
  title={Evidence for auxiliaries in {Taiwan} {Sign} {Language}},
  author={Smith, Wayne H},
	editor={Fischer, Susan D and Siple, Patricia},
  booktitle={Theoretical Issues in Sign Language Research: Linguistics},
	volume={1},
  pages={211--228},
  year={1990},
  publisher={Chicago},
	address={University of Chicago Press}
}

@book{sohn1994korean,
  title={Korean: a descriptive grammar},
  author={Sohn, Ho-Min},
  address={London \& New York},
	publisher={Routledge},
  year={1994}
}

@book{sohn1980ulithian,
  title={A {Ulithian} grammar},
  author={Sohn, Ho-min and Bender, Byron Wilbur},
  year={1980},
  publisher={Department of Linguistics},
	address={Canberra}
}


@article{speas1986ecifiers,
  title={Specifiers and projections},
  author={Speas, Margaret and Fukui, Naoki},
  journal={MIT Working Papers in Linguistics},
  volume={8},
  pages={128--172},
  year={1986}
}

	@incollection{speas2004tro,
  title={Introduction},
  author={Speas, Margaret and Fukui, Naoki},
	editor={Chomsky, Noam A},
  booktitle={The {Generative} enterprise revisited: Discussions with {R}iny {H}uybregts, {H}enk {van Riemsdijk}, {N}aoki {F}ukui and {M}ihoko {Z}ushi},
  pages={1--62},
  year={2004},
  publisher={Mouton de Gruyter},
	address={Berlin} 
	}
	
		@incollection{fukui2004tro,
  title={Introduction},
  author={Fukui, Naoki and Zushi, Mihoko},
	editor={Chomsky, Noam A},
  booktitle={The {Generative} enterprise revisited: Discussions with {R}iny {H}uybregts, {H}enk {van Riemsdijk}, {N}aoki {F}ukui and {M}ihoko {Z}ushi},
  pages={1--62},
  year={2004},
  publisher={Mouton de Gruyter},
	address={Berlin} 
	}
	

@incollection{speas2003configurational,
  title={Configurational properties of point of view roles},
  author={Speas, Peggy and Tenny, Carol},
	editor={Di Sciullo, Anna Maria},
  booktitle={Asymmetry in grammar: Syntax and semantics},
  pages={315--344},
  year={2003},
  publisher={John Benjamins},
	address={Amsterdam}
}

@article{sportiche1988theory,
  title={A theory of floating quantifiers and its corollaries for constituent structure},
  author={Sportiche, Dominique},
  journal={Linguistic inquiry},
  volume={19},
  number={3},
  pages={425--449},
  year={1988},
  publisher={JSTOR}
}

@incollection{sproat1991cross,
  title={The cross-linguistic distribution of adjective ordering restrictions},
  author={Sproat, Richard and Shih, Chilin},
	editor={Georgopoulos, Carol Perkins and Ishihara, Roberta Lynn},
  booktitle={Interdisciplinary Approaches to Language. {Essays in Honor of S.-Y. Kuroda}},
  pages={565--593},
  year={1991},
  publisher={Kluwer},
	address={Dordrecht}
}

@incollection{stalnaker1978assertion,
  title={Assertion},
  author={Stalnaker, Robert C},
	editor={Cole, Peter},
  booktitle={Pragmatics},
  pages={315--332},
  year={1978},
  publisher={Academic Press},
	address={New York}
}

@article{starke2009nanosyntax,
  title={Nanosyntax: A short primer to a new approach to language},
  author={Starke, Michal},
  journal={Nordlyd},
  volume={36},
  number={1},
  pages={2--9},
  year={2009}
}

@article{stechow1996different,
  title={The different readings of \textit{wieder} `again': A structural account},
  author={Stechow, Arnim von},
  journal={Journal of semantics},
  volume={13},
  number={2},
  pages={87--138},
  year={1996},
  publisher={Oxford University Press},
	doi={10.1093/jos/13.2.87}
}

@article{steinbach2011agreement,
  title={What do agreement auxiliaries reveal about the grammar of sign language agreement?},
  author={Steinbach, Markus},
  journal={Theoretical Linguistics},
  volume={37},
  number={3-4},
  pages={209--221},
  year={2011},
  publisher={Walter de Gruyter GmbH \& Co. KG}
}

@incollection{steinbach2013satztypen,
  title={Satztypen in {Geb\"ardensprache}},
  author={Steinbach, Markus and Herrmann, Annika},
	editor={Meibauer, J\"org and Steinbach, Markus and Altmann, Hans},
  booktitle={Satztypen des {Deutschen}},
  pages={786--814},
  year={2013},
  publisher={de Gruyter},
	address={Berlin}
}


	@incollection{steinbach2007grammaticalization,
  title={Grammaticalization of auxiliaries in sign languages},
  author={Pfau, Roland and Steinbach, Markus},
	editor={Perniss, Pamela M and Pfau, Roland and Steinbach, Markus},
  booktitle={Visible Variation: Comparative Studies on Sign Language Structure},
  pages={303--339},
  year={2007},
  publisher={Mouton de Gruyter},
	address={Berlin \& New York}
}


	@misc{steinbach2008agreement,
	  author={Steinbach, Markus and Pfau, Roland},
		title={Agreement auxiliaries and transitivity in sign languages},
howpublished={Paper presented at the Workshop on Transitivity, Cologne: University of Cologne, November 11th 2008},
	year={2008}
	}

@article{stenius1967mood,
  title={Mood and language-game},
  author={Stenius, Erik},
  journal={Synthese},
  volume={17},
  number={1},
  pages={254--274},
  year={1967},
  publisher={Springer}
}



@book{stokoe1960sign,
  title={Sign Language Structure. An Outline of the Visual Communication System of the {American} Deaf},
  author={Stokoe, William Clarence},
  year={1960},
  publisher={Department of Anthropology and Linguistics, University of Buffalo},
	address={Buffalo}
}

@article{suner1993indirect,
  title={About indirect questions and semi-questions},
  author={Suñer, Margarita},
  journal={Linguistics and Philosophy},
  volume={16},
  number={1},
  pages={45--77},
  year={1993},
  publisher={Springer}
}

@book{sutton1999linguistics,
  title={The linguistics of {British} {Sign} {Language}: An introduction},
  author={Sutton-Spence, Rachel and Woll, Bencie},
  year={1999},
  publisher={Cambridge University Press},
	address={Cambridge}
}


@incollection{tang2006questions,
  title={Questions and negation in {Hong} {Kong} {Sign} {Language}},
  author={Tang, Gladys},
	editor={Zeshan, Ulrike},
  booktitle={Interrogative and Negative Constructions in Sign Languages},
  pages={198--224},
  year={2006},
  publisher={Ishara Press},
	address={Nijmegen}
}

@incollection{tennyl2000core,
  title={Core events and adverbial modification},
  author={Tenny, Carol},
	editor={Pustejovsky, James and Tenny, Carol},
  booktitle={Events as Grammatical Objects},
  pages={285--334},
  year={2000},
  publisher={Center for the Study of Language and Information},
	address={Stanford}
}



@phdthesis{testcari2013,
  title={On Verb Movement in {Brazilian} {Portuguese}: A Cartographic Study},
  author={{Tescari Neto}, Aquiles},
  year={2013},
	address={Venice},
  school={Universit\`{a} Ca' Foscari di Venezi}
}


@incollection{thompson1977lack,
  title={The lack of subordination in {American} {Sign} {Language}},
  author={Thompson, Henry},
	editor={Friedman, Lynn A},
  booktitle={On the other hand: New perspectives on {American} {Sign} {Language}},
  pages={181--195},
  year={1977},
  publisher={Academic Press},
	address={New York}
}

@phdthesis{thornton1990adventures,
  title={Adventures in Long-Distance Moving: The Acquisition of Complex Wh-Questions},
  author={Thornton, Rosalind Jean},
  year={1994},
	address={Storrs},
  school={University of Conneticut}
}


@article{thornton1999levels,
  title={Levels of representation in child grammar},
  author={Thornton, Rosalind and Crain, Stephen},
  journal={The Linguistic Review},
  volume={16},
  number={1},
  pages={81--123},
  year={1999},
  publisher={Walter de Gruyter, Berlin/New York}
}

@incollection{tiemann2012crosslinguistic,
  title={Crosslinguistic variation in comparison: Evidence from child language acquisition},
  author={Tiemann, Sonja and Hohaus, Vera and Beck, Sigrid},
	editor={Stolterfoht, Britta and Featherston, Sam},
  booktitle={Empirical Approaches to Linguistic Theory. Studies of Meaning and Structure},
  pages={115--146},
  year={2012},
  publisher={de Gruyter},
	address={Berlin}
}

@phdthesis{judith2006temporal,
  title={The temporal semantics of noun phrases: Evidence from Guaraní},
  author={Tonhauser, Judith},
  year={2006},
  school={Stanford University},
	address={Stanford}
}

@article{tonhauser2013toward,
  title={Toward a taxonomy of projective content},
  author={Tonhauser, Judith and Beaver, David and Roberts, Craige and Simons, Mandy},
  journal={Language},
  volume={89},
  number={1},
  pages={66--109},
  year={2013},
  publisher={Linguistic Society of America}
}

@book{torrego1998dependency,
  title={The dependency of objects},
  author={Torrego, Esther},
  address={Cambridge},
	publisher={MIT Press},
  year={1998}
}


@incollection{torrego1999el,
  title={El complemento directo prepositional},
  author={Torrego, Esther},
	editor={Bosque ,Ignacio and Demonte, Violeta},
  booktitle={Gramm\'{a}tica descriptiva de la lengua española: Las Construcciones Synt\'{a}cticas Fundamentales. Relationes Temporales, Aspectuales y Modales},
	volume={2},
  pages={1779--1805},
  year={1999},
  publisher={Espasa Calpe},
	address={Madrid}
}

@incollection{thrainsson1996non,
  title={On the (non-)universality of functional categories},
  author={Thr{\'a}insson, H{\"o}skuldur},
	editor={Abraham, Werner and Epstein, Samuel David and Thr{\'a}insson, H{\"o}skuldur and Zwart, Jan-Wouter},
  booktitle={Minimal Ideas: Syntactic Studies in the Minimalist Framework},
  pages={252--281},
  year={1996},
  publisher={John Benjamins},
	address={Amsterdam}
}

@article{travis1988syntax,
  title={The syntax of adverbs},
  author={Travis, Lisa},
  journal={McGill Working Papers in Linguistics},
  volume={20},
  pages={280--310},
  year={1988}
}

@book{travis2010aspect,
  title={Inner Aspect: The Articulation of {VP}},
  author={Travis, Lisa deMena},
  year={2010},
  publisher={Springer},
	address={Dordrecht}
}


@article{truckenbrodt2004strukturbedeutung,
  title={Zur {Strukturbedeutung} von {Interrogativs{\"a}tzen}},
  author={Truckenbrodt, Hubert},
  journal={Linguistische Berichte},
  number={199},
  pages={313--350},
  year={2004},
  publisher={Westdeutscher Verlag}
}

@article{tsunoda1985remarks,
  title={Remarks on transitivity},
  author={Tsunoda, Tasaku},
  journal={Journal of linguistics},
  volume={21},
  number={2},
  pages={385--396},
  year={1985},
  publisher={Cambridge University Press}
}

@article{tsunoda1999transitivity,
  title={Transitivity and intransitivity},
  author={Tsunoda, Tasaku},
  journal={Journal of Asian and African Studies},
  volume={57},
  pages={1--9},
  year={1999}
}

@incollection{ultan1978some,
  title={Some general characteristics of interrogative systems},
  author={Ultan, Russell},
	editor={Greenberg, Joseph H},
  booktitle={Universals of Human Language: Syntax},
	volume={4},
  pages={211-248},
  year={1978},
  publisher={Stanford  University Press},
	address={Stanford}
}

@book{valli2000linguistics,
  title={Linguistics of {American} {Sign} {Language}: An introduction},
  author={Valli, Clayton and Lucas, Ceil},
  year={2000},
	edition={Third edition},
	address={Washington},
  publisher={Gallaudet University Press}
}



@incollection{van2009alternatives,
  title={Alternatives to cartography: An introduction},
  author={{van Craenenbroeck}, Jeroen},
	editor={{van Craenenbroeck}, Jeroen},
  booktitle={Alternatives to cartography},
  pages={1--14},
  year={2009},
  publisher={Mouton de Gruyter},
	address={Berlin}
}

@incollection{van2010complex,
  title={Complex wh-phrases don't move. On the interaction between the split {CP-hypothesis} and the syntax of wh-movement},
  author={{van Craenenbroeck}, Jeroen},
	editor={Panagiotidis, E Phoevos},
  booktitle={The Complementizer Phase: Subjects and Operators},
  pages={236--260},
  year={2003},
  publisher={Oxford University Press},
	address={Oxford}
}

@incollection{van2012you,
  title={How do you sluice when there is more than one {CP?}},
  author={{van Craenenbroeck}, Jeroen},
	editor={Simpson, Andrew and Merchant, Jason},
  booktitle={Sluicing: Cross-Linguistic Perspectives},
  pages={40--67},
  year={2012},
  publisher={Oxford University Press},
	address={Oxford}
}

@incollection{van1998phasal,
  title={Phasal adverbials in the languages of {Europe}},
  author={{van der Auwera}, Johan},
	editor={van der Auwera, Johan and O Baoill, D\'{o}nall P},
  booktitle={Adverbial Constructions in the Languages of Europe},
  pages={25--145},
  year={1998},
  publisher={Mouton de Gruyter},
	address={Berlin}
}


@incollection{van2007imperatives,
  title={Imperatives in generative grammar: An introduction},
  author={{van der Wurff}, Wim},
	editor={van der Wurff, Wim},
  booktitle={Imperative Clauses in Generative Grammar. Studies in Honour of Frits Beukma},
  pages={1--85},
  year={2007},
  publisher={John Benjamins},
	address={Amsterdam \& Philadelpia}
}

@book{van2013clause,
  title={Clause structure},
  author={{van Gelderen}, Elly},
  year={2013},
  publisher={Cambridge University Press},
	address={Cambridge \& New York}
}

@book{van2017syntax,
  title={Syntax: An Introduction to Minimalism},
  author={{van Gelderen}, Elly},
  year={2017},
  publisher={John Benjamins},
	address={Amsterdam \& Philadelphia}
}

@inproceedings{van1995focus,
  title={Focus and Multiple {CPs} in {English} and {Bulgarian}},
  author={{van Gelderen}, Elly and Grozeva, Lily},
  year={1995},
	 booktitle={Proceedings of Mid-America Linguistics Society Meeting '94},
  organization={Mid-America Linguistics Conference},
	pages={70--77}
}



	@misc{van2004semantics,
  title={The semantics and grammatical status of three different realizations of {GEVEN} (give): directional verb, polymorphemic construction and auxiliary/preposition/light verb},
  author={{Van Herreweghe}, Mieke and Vermeerbergen, Myriam},
  year={2004},
howpublished={Poster presented at the {8th International Conference on Theoretical Issues in Sign Language Research (TISLR 8)}, {B}arcelona}
	}
	
	@book{vanvalin2005exploring,
  title={Exploring the syntax-semantics interface},
  author={{van Valin}, Robert D},
  year={2005},
  publisher={Cambridge University Press},
	address={Cambridge}
}

	


@incollection{varley2014evidentiality,
  title={Evidentiality straddling {T-} and {C-domains}},
  author={Varley, Nadia},
	editor={Leiss, Elisabeth and Abraham, Werner},
  booktitle={Modes of Modality: Modality, typology, and universal grammar},
  pages={93--115},
  year={2014},
  publisher={John Benjamins},
	address={Amsterdam \& Philadelphia}
}

@article{vat1981left,
  title={Left Dislocation, Connectedness and Reconstruction},
  author={Vat, Jan},
  journal={Groninger Arbeiten zur Germanistischen Linguistik},
  volume={20},
  pages={80--103},
  year={1981},
	doi={10.1075/la.3.04haa}
	}
	
@phdthesis{vergnaud1985dependances,
  title={D{\'e}pendances et niveaux de repr{\'e}sentation en syntaxe},
  author={Vergnaud, Jean-Roger},
  year={1982},
	address={Paris},
  school={University of Paris VII}
}

@incollection{volterra1984italian,
  title={Italian {Sign} {Language}: the order of elements in the declarative sentence},
  author={Volterra, Virginia and Laudanna, Alessandro and Corazza, Serena and Radutzky, Elena and Natale, Francesco},
	editor={Loncke, Filip and Boyes-Braem, Penny and Lebrun, Yvan},
  booktitle={Recent Research on European Sign Languages},
  pages={19--48},
  year={1984},
  publisher={Swets and Zeitlinger},
	address={Lisse}
}


	@misc{waleschkowski2009,
	  author={Waleschkowski, Eva},
		title={Focus in {German} {Sign} {Language}},
howpublished={Poster presented at the Workshop on Nonmanuals in Sign Languages, 2009, April, 4-5. Goethe University Frankfurt},
	year={2009}
	}
	


@book{von1951essay,
  title={An essay in modal logic},
  author={Wright, Georg Henrik von},
  year={1951},
  publisher={North Holland},
	address={Amsterdam}
}

@article{whorf1945grammatical,
  title={Grammatical categories},
  author={Whorf, Benjamin Lee},
  journal={Language},
  pages={1--11},
  year={1945},
  publisher={JSTOR}
}

@book{wilbur1987american,
  title={American {Sign} {Language}: linguistic and applied dimensions},
  author={Wilbur, Ronnie B},
  year={1987},
  publisher={College-Hill},
	address={Boston}
}

@inproceedings{wilbur1991intonation,
  title={Intonation and focus in {American} {Sign} {Language}},
  author={Wilbur, Ronnie B},
  booktitle={ESCOL '90. Proceedings of the Eastern States Conference on Linguistics},
  volume={90},
  pages={320--331},
  year={1991}
}

@article{wilbur1994foregrounding,
  title={Foregrounding structures in {American} {Sign} {Language}},
  author={Wilbur, Ronnie B},
  journal={Journal of Pragmatics},
  volume={22},
  number={6},
  pages={647--672},
  year={1994},
  publisher={Elsevier},
	doi={10.1016/0378-2166(94)90034-5}
}

@article{wilbur1996evidence,
  title={Evidence for the function and structure of wh-clefts in {American} {Sign} {Language}},
  author={Wilbur, Ronnie B},
  journal={International review of sign linguistics},
  volume={22},
  pages={209--256},
  year={1996},
  publisher={Lawrence Erlbaum Associates Hillsdale, NJ}
}


@inproceedings{wilbur1997prosodic,
  title={A prosodic/pragmatic explanation for word order variation in {ASL} with typological implications},
  author={Wilbur, Ronnie B},
  booktitle={Lexical and Syntactical Constructions and the Construction of Meaning. Proceedings of the bi-annual ICLA meeting in Albuquerque, July 1995},
  pages={89--104},
  year={1997}
}



@incollection{wilbur2000phonological,
  title={Phonological and prosodic layering of nonmanuals in {American} {Sign} {Language}},
  author={Wilbur, Ronnie B},
	editor={Emmorey, Karen and Lane, Harlan},
  booktitle={The signs of language revisited: An anthology to honor Ursula Bellugi and Edward Klima},
  pages={215--244},
  year={2000},
  publisher={Lawrence Erlbaum Associates},
	address={Mahwah}
}



@incollection{wilbur2003modality,
  title={Modality and the structure of language: Sign languages versus signed systems},
  author={Wilbur, Ronnie B},
	editor={Marschark, Marc and Spencer, Patricia Elizabeth},
  booktitle={Oxford handbook of deaf studies: language and education},
	volume={1},
  pages={332--346},
  year={2003},
  publisher={Oxford University Press},
	address={Oxford}
}

	@misc{wilbur2004event,
  author={Wilbur, Ronnie B},
		title={The {Event} {Visibility} {Hypothesis}: A proposal for sign language morphology},
howpublished={Paper presented at the Mini-conference on Sign Language Research. Nijmegen: Radboud University, July 13th 2004},
	year={2004}
	}



@incollection{wilbur2005reanalysis,
  title={A reanalysis of reduplication in {American} {Sign} {Language}},
  author={Wilbur, Ronnie B},
	editor={Hurch, Bernhard},
  booktitle={Studies on Reduplication},
  pages={593--620},
  year={2005},
  publisher={Walter de Gruyter},
	address={Berlin \& New York}
}






@inproceedings{wilbur2008complex,
  title={Complex predicates involving events, time and aspect: Is this why sign languages look so similar},
  author={Wilbur, Ronnie B},
  booktitle={Signs of the Time. Selected Papers from TISR 2004},
  pages={217--250},
  year={2008}
}


@article{wilbur2009productive,
  title={Productive reduplication in a fundamentally monosyllabic language},
  author={Wilbur, Ronnie B},
  journal={Language Sciences},
  volume={31},
  number={2-3},
  pages={325--342},
  year={2009},
  publisher={Elsevier},
	doi={10.1016/j.langsci.2008.12.017}
}


@incollection{wilbur2010semantics,
  title={The semantics-phonology interface},
  author={Wilbur, Ronnie B},
	editor={Brentani, Diane},
  booktitle={Sign Languages},
  pages={355--380},
  year={2010},
  publisher={Cambridge University Press},
	address={Cambridge}
}

@article{wilbur2011nonmanuals,
  title={Nonmanuals, semantic operators, domain marking, and the solution to two outstanding puzzles in {ASL}},
  author={Wilbur, Ronnie B},
  journal={Sign Language \& Linguistics},
  volume={14},
  number={1},
  pages={148--178},
  year={2011},
  publisher={John Benjamins Publishing Company},
	doi={10.1075/sll.14.1.08wil}
}

@incollection{wilbur2012informationstructure,
  title={Information structure},
  author={Wilbur, Ronnie B},
	editor={Pfau, Roland and Steinbach, Markus and Woll, Bencie},
  booktitle={Sign Language. An International Handbook},
  pages={462--489},
  year={2012},
  publisher={Mouton de Gruyter},
	address={Berlin}
}


	@misc{wilbur2016one,
  author={Wilbur, Ronnie B},
		title={One Operator or Two? Generic and Habitual ``Characterizing'' Sentences in {ASL}},
howpublished={Paper presented at the Purdue Languages and Cultures Conference, Purdue, May 3rd 2016},
	year={2016}
	}
	
	@article{wilbur2017internally,
  title={Internally-headed relative clauses in sign languages},
  author={Wilbur, Ronnie},
  journal={Glossa: a journal of general linguistics},
  volume={2},
  number={1},
  year={2017},
  publisher={Ubiquity Press},
	doi={10.5334/gjgl.183}
}

@article{wilbur1998body,
  title={Body leans and the marking of contrast in {American} {Sign} {Language}},
  author={Wilbur, Ronnie B and Patschke, Cynthia G},
  journal={Journal of Pragmatics},
  volume={30},
  number={3},
  pages={275--303},
  year={1998},
  publisher={Elsevier},
	doi={10.1016/S0378-2166(98)00003-4}
}

@article{wilbur1999syntactic,
  title={Syntactic correlates of brow raise in {ASL}},
  author={Wilbur, Ronnie B and Patschke, Cynthia G},
  journal={Sign Language \& Linguistics},
  volume={2},
  number={1},
  pages={3--41},
  year={1999},
  publisher={John Benjamins Publishing Company},
	doi={10.1075/sll.2.1.03wil}
}

	@misc{wilbur2000when,
  author={Wilbur, Ronnie B and Wood, Sandra K},
		title={When is a modality effect not a modality effect? {A}spectual marking in signed and spoken languages},
howpublished={Paper presented at the Texas Linguistics Society 2000 Conference, The University of Texas at Austin},
	year={2000}
	}

@incollection{wilcox1996deontic,
  title={Deontic and epistemic modals in {ASL}: A discourse analysis},
  author={Wilcox, Phyllis},
	editor={Goldberg, Adele},
  booktitle={Conceptual structure, discourse and language},
  pages={481--492},
  year={1996},
  publisher={Cambridge University Press},
	address={Cambridge}
}	
	

@article{wilcox2004gesture,
  title={Gesture and language: Cross-linguistic and historical data from signed languages},
  author={Wilcox, Sherman},
  journal={Gesture},
  volume={4},
  number={1},
  pages={43--73},
  year={2004},
  publisher={John Benjamins Publishing Company},
	doi={10.1075/gest.4.1.04wil}
}



@incollection{wilcox2006modality,
  title={Modality in {American} {Sign} {Language}},
  author={Wilcox, Sherman and Shaffer, Barbara},
	editor={Frawley, William},
  booktitle={The expression of modality},
  pages={207--237},
  year={2006},
  publisher={Mouton de Gruyter},
	address={Berlin}
}

@incollection{wilcox1995gestural,
  title={The gestural expression of modality in {ASL}},
  author={Wilcox, Sherman and Wilcox, Phyllis},
	editor={Bybee, Joan L and Fleischman, Suzanne},
  booktitle={Modality in grammar and discourse},
  pages={135--162},
  year={1995},
  publisher={John Benjamins},
	address={Amsterdam}
}

@book{wittgenstein1922trac,
  title={Tractatus Logico-Philosophicus},
  author={Wittgenstein, Ludwig},
  year={1922},
  publisher={Kegan Paul, Trench, Trubner \& Co},
	address={London}
}

@book{wittgenstein1953phil,
  title={Philosophical Investigations},
  author={Wittgenstein, Ludwig},
  year={1953},
  publisher={Blackwell},
	address={Oxford}
}

@book{wratil2005syntax,
  title={Die {S}yntax des {Imperativs}},
  author={Wratil, Melani},
  year={2005},
  publisher={Akademie},
	address={Berlin}
}

@book{wurmbrand2001finitive,
  title={Infinitives. {R}estructuring and Clause Structure},
  author={Wurmbrand, Susi},
  year={2001},
  publisher={Mouton de Gruyter},
	address={Berlin \& New York}
}



@incollection{zaefferer1987satztypen,
  title={Satztypen, {Satzarten}, {Satzmodi}},
  author={Zaefferer, Dietmar},
	editor={Meibauer, J\"org},
  booktitle={Satzmodus zwischen {Grammatik} und {Pragmatik}. {Referate} anl\"a\ss lich der 8. {Jahrestagung} der {Deutschen} {Gesellschaft} f\"ur {Sprachwissenschaft}, {H}eidelberg 1986},
  pages={259--285},
  year={1987},
  publisher={T\"ubingen},
	address={Max Niemeyer}
}

@article{zaefferer2006types,
  title={Types, moods, and force potentials: Towards a comprehensive account of {German} sentence mood meanings},
  author={Zaefferer, Dietmar},
  journal={Theoretical linguistics},
  volume={32},
  number={3},
  pages={335--351},
  year={2006},
  publisher={Walter de Gruyter},
	doi={10.1515/TL.2006.021}
}



@phdthesis{zanuttini1991syntactic,
  title={Syntactic properties of sentential negation. A comparative study of {Romance} languages},
  author={Zanuttini, Raffaella},
  year={1991},
	address={Philadelphia},
  school={University of Pennsylvania}
}

@incollection{zanuttini1996on,
  title={On the relevance of tense for sentential negation},
  author={Zanuttini, Raffaella},
	editor={Belletti, Adriana and Rizzi. Luigi},
  booktitle={Parameters and Functional Heads. Essays in Comparative Syntax},
  pages={181--207},
  year={1996},
  publisher={Oxford University Press},
	address={New York}
}

@book{zanuttini1997negation,
  title={Negation and clausal structure: A comparative study of {Romance} languages},
  author={Zanuttini, Raffaella},
  year={1997},
  publisher={Oxford University Press},
	address={Oxford}
}

@article{zanuttini2008encoding,
  title={Encoding the addressee in the syntax: Evidence from {English} imperative subjects},
  author={Zanuttini, Raffaella},
  journal={Natural Language \& Linguistic Theory},
  volume={26},
  number={1},
  pages={185--218},
  year={2008},
  publisher={Springer},
	doi={10.1007/s11049-007-9029-6}
}

@article{zanuttini2003eclamative,
  title={Exclamative clauses: At the syntax-semantics interface},
  author={Zanuttini, Raffaella and Portner, Paul},
  journal={Language},
	volume={79},
	issue={1},
  pages={39--81},
  year={2003},
  publisher={JSTOR}
}

@phdthesis{zeijlstra2004sentential,
  title={Sentential negation and negative concord},
  author={Zeijlstra, Hedde},
  year={2004},
  school={University of Amsterdam},
	address={Amsterdam}
}


@incollection{zeijlstra2015morpho,
  title={The morpho-syntactic realization of sentential negation},
  author={Zeijlstra, Hedde},
	editor={Kiss, Tibor and Alexiadou, Artemis},
  booktitle={Syntax -- Theory and Analysis. An International Handbook},
	volume={1},
  pages={275--310},
  year={2015},
  publisher={Mouton de Gruyter},
	address={Berlin}
}

@book{zeshan2000sign,
  title={Sign language in {Indo-Pakistan}: A description of a signed language},
  author={Zeshan, Ulrike},
  year={2000},
  publisher={John Benjamins},
	address={Amsterdam}
}

@article{zeshan2004interrogative,
  title={Interrogative constructions in signed languages: Crosslinguistic perspectives},
  author={Zeshan, Ulrike},
  journal={Language},
	volume={80},
	issue={1},
  pages={7--39},
  year={2004},
  publisher={JSTOR},
	doi={10.1353/lan.2004.0050}
}

@article{zeshan2004negation,
  title={Hand, head, and face. Negative constructions in sign languages},
  author={Zeshan, Ulrike},
  journal={Linguistic Typology},
	volume={8},
  pages={1--58},
  year={2004},
  publisher={JSTOR},
	doi={10.1515/lity.2004.003}
}




@incollection{zeshan2006negative,
  title={Negative and interrogative constructions in sign languages: A case study in sign language typology},
  author={Zeshan, Ulrike},
	editor={Zeshan, Ulrike},
  booktitle={Interrogative and negative constructions in sign languages},
  pages={28--68},
  year={2006},
  publisher={Ishara Press},
	address={Nijmegen}
}

@incollection{zeshan2009sign,
  title={Sign languages of the world},
  author={Zeshan, Ulrike},
	editor={Brown, Keith and Ogilvie, Sarah},
  booktitle={Concise Encyclopedia of Languages of the World},
  pages={953--960},
  year={2009},
  publisher={Elsevier},
	address={Amsterdam}
}


@article{zucchi2009along,
  title={Along the time line. {T}ense and time adverbs in {I}talian {S}ign {L}anguage},
	author={Zucchi, Sandro},
  journal={Natural Language Semantics},
  volume={17},
  number={2},
  pages={99--139},
  year={2009},
  publisher={Springer},
	doi={10.1007/s11050-008-9032-4}
}

@Misc{zucchi2003,
  author={Zucchi, Sandro},
  title        = {The  semantics of {FATTO}},
  year         = {2003},
  howpublished = {Paper  presented  at  the  14th  Amsterdam  Colloquium,  Amsterdam,  December 2003}
}





@book{pecher2005grounding,
  title={Grounding cognition: The role of perception and action in memory, language, and thinking},
  author={Pecher, Diane and Zwaan, Rolf A},
  year={2005},
  publisher={Cambridge University Press},
	address={Cambridge}
}



@incollection{zwicky1988subject,
  title={On the subject of bare imperatives in {English}},
  author={Zwicky, Arnold M},
	editor={Stockwell, Robert Paul and Rose, Caroline Duncan and Vennemann, Theo},
  booktitle={On Language. Rhetorica, Phonologica, Syntactica -- A Festschrift for {Robert P. Stockwell} from his Friends and Colleagues},
  pages={437--450},
  year={1988},
  publisher={Routledge},
	address={London}
}

@Misc{zyman2012two,
  author       = {Zyman, Erik},
  title        = {Two Investigations of Adverb and Clause Structure in {English}},
  year         = {2012},
  howpublished = {Thesis, Princeton University},
  autor        = {Zyman, Erik},
}

@incollection{rooth1996focus,
    author={Rooth, Mats},
    title={Focus},
    booktitle={The handbook of contemporary semantic theory},
    editor={Lappin, Shalom},
    year={1996},
    publisher={Blackwell},
    pages={271--297},
    address={Oxford}

}



@article{vallduvi1996linguistic,
  title={The linguistic realization of information packaging},
  author={Vallduv{\'{i}}, Enric and Engdahl, Elisabet},
  journal={Linguistics},
  volume={34},
  number={3},
  pages={459--520},
  year={1996},
  publisher={Walter de Gruyter, Berlin/New York},
	doi={10.1515/ling.1996.34.3.459}
}

@phdthesis{de1999phrase,
   title={Phrase structure of {B}razilian {S}ign {L}anguage},
  author={De Quadros, Ronice M},
  year={1999},
	address={Porto Alegre},
	school={Pontif\'{i}cia Universidade Cat\'{o}lica do Rio Grande do Sul}
}


@book{katz1964theory,
  title={An Integrated Theory of Linguistic Descriptions},
	author={Katz, Jerrold J and Postal, Paul M},  
	year={1964},
  publisher={MIT Press},
	address={Cambridge}
}

@article{vikner1988modality,
  title={Modals in {D}anish and event expressions},
  author={Vikner, Sten},
  journal={Working Papers in Scandinavian Syntax},
  volume={39},
  pages={1--33},
  year={1988}
}

@book{boyesbram1990gebaerdesprache,
  title={Einf\"uhrung in die {G}eb\"ardensprache und ihre {E}rforschung},
	author={{Boyes Braem}, Penny},  
	year={1990},
  publisher={Signum},
	address={Hamburg}
}


@article{jacobowitz1988signs,
  title={Signs of tense in {ASL} verbs},
  author={Jacobowitz, E Lynn and Stokoe, William C},
  journal={Sign Language Studies},
  volume={60},
  number={1},
  pages={331--340},
  year={1988},
  publisher={Gallaudet University Press}
}





@Comment{jabref-meta: databaseType:biblatex;}
